0000004050930005        49119446  CWT BELGIUM SPRL/AIRTIP   BBRUBEBB   00426653015 00000                                       2
12084BE03310061750084                  EUR0000000000000000300409CWT BELGIUM SPRL/AIRTIP   compte a vue                       084
21000100003010463109818000723  0000000000003000040509005560000IMPAYES DOM N-ING 27/04/09REMISE  B3110465           04050908400 0
21000200003100486001517000724  0000000000007360290409001660000VIREMENT  310-1276781-56  CENTRALISATION FINANCIERE  04050908401 0
2300020000310127678156                                                                                                       0 0
21000300003100486001518000725  1000000086923230040509001170000VIREMENT  310-1276781-56  CENTRALISATION FINANCIERE  04050908401 0
2300030000310127678156                                                                                                       0 0
21000400003102463468619000720  0000000054619640040509005520000DOM REF B3110465    RECVRTS non-ING du   27/04INVORD.04050908401 0
2200040000 niet-ING DD  27/04  310061750084                                                                                  0 0
21000500003102963476220000722  0000000030622320040509005520000DOM REF B3110471    RECOUVREMENTS ING DU 30/04INVORDE04050908401 0
2200050000RINGEN ING DD 30/04  310061750084                                                                                  0 0
21000600003102963476224000721  0000000001678270040509005520000DOM REF B3110470    RECOUVREMENTS ING DU 30/04INVORDE04050908401 0
2200060000RINGEN ING DD 30/04  310061750084                                                                                  0 0
21000700003103063800508000718  1000000000003000290409305370000FRAIS DOM'80 (TVAC)                                  04050908410 0
21000700013103063800508000718  1000000000002480290409805370000                                                     04050908401 0
2200070001                                                     B3110468                                                      1 0
2300070001310940501679                                                                                                       0 0
21000700023103063800508000718  1000000000000520290409805370110                                                     04050908411 0
2200070002                                                     B3110468                                                      1 0
2300070002310940501679                                                                                                       0 1
31000700033103063800508000718  305370000FRAIS POUR VOTRE REMISE DOM'80 : -------------------------------- VOS REF            0 1
31000700043103063800508000718  305370000ERENCES : B3110468                                                                   0 1
31000700053103063800508000718  305370000 DATE PIVOT : 29/04/2009 NOMBRE DE RECOUVREMENTS : 33                                0 1
31000700063103063800508000718  305370000 FRAIS HORS TVA : 2,48 TVA 21% : 0,52                                                0 1
31000700073103063800508000718  305370000 ------------ TOTAL : 3,00                                                           0 0
21000800003103063800512000719  1000000000004360290409305370000FRAIS DOM'80 (TVAC)                                  04050908410 0
21000800013103063800512000719  1000000000003600290409805370000                                                     04050908401 0
2200080001                                                     B3110469                                                      1 0
2300080001310940501679                                                                                                       0 0
21000800023103063800512000719  1000000000000760290409805370110                                                     04050908411 0
2200080002                                                     B3110469                                                      1 0
2300080002310940501679                                                                                                       0 1
31000800033103063800512000719  305370000FRAIS POUR VOTRE REMISE DOM'80 : -------------------------------- VOS REF            0 1
31000800043103063800512000719  305370000ERENCES : B3110469                                                                   0 1
31000800053103063800512000719  305370000 DATE PIVOT : 29/04/2009 NOMBRE DE RECOUVREMENTS : 72                                0 1
31000800063103063800512000719  305370000 FRAIS HORS TVA : 3,60 TVA 21% : 0,76                                                0 1
31000800073103063800512000719  305370000 ------------ TOTAL : 4,36                                                           0 0
8084BE03310061750084                  EUR0000000000000000040509                                                                1
4 00010001                          DETAIL DE VOS IMPAYES                    VOLET *                                           1
4 00010002                          REMISE B3110465     DATE PIVOT 27/04/2009 001  *                                           1
4 00010003                                                                                                                     1
4 00010004                        ref: 000/0000/06464 MONTANT:             +3,00 EUR                                           1
4 00010005                        POUR:  AIRTIP                                                                                1
4 00010006                        COMMUNICATION : 5772901       D6541000                                                       1
4 00010007                        N.DOM : 740-7174752-30 MOTIF : NON PRECISE                                                   1
4 00010008                                                                                                                     1
4 00010009                                                                                                                     0
9               000037000000086930590000000086930590                                                                           1
