0000025011330005        US214RE05 BANQUE BE005.............XBBRUBEBB   00478696879 00000                                       2
12005BE70215000007825                     0000000011200000061013BANQUE BE005  SG.........XSociete generale Bruxelle.........X010
21000100000000600001727        0000000002000000061012301010000                                                     05101201000 0
21000100010000600001727        0000000002000000061012801010040                                                     05101201000 0
8010BE70215000007825EUR0BE               0000000013200000071013                                                                1
4                               Cas de test N05 Import Releve Mono Ligne - Reglement debiteur Frais...........x                0
9               000004000000000000000000000002000000                                                                           2
