<?xml version="1.0" encoding="UTF-8"?>
<Document xmlns="urn:iso:std:iso:20022:tech:xsd:camt.054.001.02" xmlns:xsi="http://www.w3.org/2001/XMLSchema-instance">
   <BkToCstmrDbtCdtNtfctn>
      <GrpHdr>
         <MsgId>MSG-abc</MsgId>
         <CreDtTm>2013-01-22T15:00:00</CreDtTm>
      </GrpHdr>
      <Ntfctn>
         <Id>CPTE-123</Id>
         <CreDtTm>2013-01-22T14:05:00</CreDtTm>
         <Acct>
            <Id>
               <IBAN>FR7612345000010009513574632</IBAN>
            </Id>
            <Ccy>EUR</Ccy>
            <Svcr>
               <FinInstnId>
                  <BIC>BANQFRPPXXX</BIC>
               </FinInstnId>
            </Svcr>
         </Acct>
         <TxsSummry>
            <TtlCdtNtries>
               <NbOfNtries>0</NbOfNtries>
               <Sum>0</Sum>
            </TtlCdtNtries>
            <TtlDbtNtries>
               <NbOfNtries>2</NbOfNtries>
               <Sum>579.80</Sum>
            </TtlDbtNtries>
         </TxsSummry>
         <Ntry>
            <NtryRef>REF ENTRY 1</NtryRef>
            <Amt Ccy="EUR">123.35</Amt>
            <CdtDbtInd>DBIT</CdtDbtInd>
            <Sts>BOOK</Sts>
            <BookgDt>
               <Dt>2010-01-22</Dt>
            </BookgDt>
            <ValDt>
               <Dt>2010-01-22</Dt>
            </ValDt>
            <BkTxCd>
               <Domn>
                  <Cd>PMNT</Cd>
                  <Fmly>
                     <Cd>IDDT</Cd>
                     <SubFmlyCd>UPDD</SubFmlyCd>
                  </Fmly>
               </Domn>
               <Prtry>
                  <Cd>B3</Cd>
               </Prtry>
            </BkTxCd>
            <NtryDtls>
               <TxDtls>
                  <Refs>
                     <AcctSvcrRef>10022-abc</AcctSvcrRef>
                     <EndToEndId>E2E OPE 1</EndToEndId>
                  </Refs>
                  <AmtDtls>
                     <InstdAmt>
                        <Amt Ccy="EUR">123.35</Amt>
                     </InstdAmt>
                  </AmtDtls>
                  <RltdPties>
                     <Dbtr>
                        <Nm>DUPONT</Nm>
                     </Dbtr>
                     <DbtrAcct>
                        <Id>
                           <IBAN>FR7630000123450001234567811</IBAN>
                        </Id>
                     </DbtrAcct>
                  </RltdPties>
                  <RmtInf>
                     <Ustrd>POUR REGLEMENT DE LA FACTURE NUM 12345678X</Ustrd>
                  </RmtInf>
                  <RtrInf>
                     <Orgtr>
                        <Id>
                           <OrgId>
                              <BICOrBEI>BQUEFRPPXXX</BICOrBEI>
                           </OrgId>
                        </Id>
                     </Orgtr>
                     <Rsn>
                        <Cd>AM04</Cd>
                     </Rsn>
                     <AddtlInf>/RTYP/RTRN</AddtlInf>
                  </RtrInf>
                  <AddtlTxInf>/SQTP/OOFF</AddtlTxInf>
               </TxDtls>
            </NtryDtls>
         </Ntry>
         <Ntry>
            <NtryRef>REF ENTRY 2</NtryRef>
            <Amt Ccy="EUR">456.45</Amt>
            <CdtDbtInd>DBIT</CdtDbtInd>
            <Sts>BOOK</Sts>
            <BookgDt>
               <Dt>2010-01-22</Dt>
            </BookgDt>
            <ValDt>
               <Dt>2010-01-22</Dt>
            </ValDt>
            <BkTxCd>
               <Domn>
                  <Cd>PMNT</Cd>
                  <Fmly>
                     <Cd>IDDT</Cd>
                     <SubFmlyCd>UPDD</SubFmlyCd>
                  </Fmly>
               </Domn>
               <Prtry>
                  <Cd>B3</Cd>
               </Prtry>
            </BkTxCd>
            <NtryDtls>
               <TxDtls>
                  <Refs>
                     <AcctSvcrRef>10022-xyz</AcctSvcrRef>
                     <EndToEndId>E2E OPE 24</EndToEndId>
                  </Refs>
                  <AmtDtls>
                     <InstdAmt>
                        <Amt Ccy="EUR">456.45</Amt>
                     </InstdAmt>
                  </AmtDtls>
                  <RltdPties>
                     <Dbtr>
                        <Nm>DURAND</Nm>
                     </Dbtr>
                     <DbtrAcct>
                        <Id>
                           <IBAN>FR7640000987650009876543204</IBAN>
                        </Id>
                     </DbtrAcct>
                  </RltdPties>
                  <RmtInf>
                     <Ustrd>913546</Ustrd>
                  </RmtInf>
                  <RtrInf>
                     <Orgtr>
                        <Id>
                           <OrgId>
                              <BICOrBEI>BANKFRPP</BICOrBEI>
                           </OrgId>
                        </Id>
                     </Orgtr>
                     <Rsn>
                        <Cd>AC04</Cd>
                     </Rsn>
                     <AddtlInf>/RTYP/RTRN</AddtlInf>
                  </RtrInf>
                  <AddtlTxInf>/SQTP/RCUR</AddtlTxInf>
               </TxDtls>
            </NtryDtls>
         </Ntry>
      </Ntfctn>
   </BkToCstmrDbtCdtNtfctn>
</Document>