<?xml version="1.0" encoding="UTF-8"?>
<Document xmlns="urn:iso:std:iso:20022:tech:xsd:camt.054.001.02"
    xmlns:xsi="http://www.w3.org/2001/XMLSchema-instance"
    xsi:schemaLocation="urn:iso:std:iso:20022:tech:xsd:camt.054.001.02 file:/Users/hervepostic/Dropbox/UTSIT%20-%20Divers%20temp/Vade%20Mecum%20ISO20022/Bibliographie/XSD/camt.054.001.02.xsd">
    <BkToCstmrDbtCdtNtfctn>
        <GrpHdr>
            <MsgId>BNPAVIRRECU5566533VV</MsgId>
            <CreDtTm>2013-02-12T09:30:00</CreDtTm>
        </GrpHdr>
        <Ntfctn>
            <Id>BNPAVIRRECU5566533VV-1</Id>
            <CreDtTm>2013-02-12T09:30:00</CreDtTm>
            <Acct><Id><IBAN>FR7630004001230001017654309</IBAN></Id></Acct>
            <TxsSummry>
                <TtlCdtNtries><NbOfNtries>1</NbOfNtries><Sum>16156.3</Sum></TtlCdtNtries>
                <TtlDbtNtries><NbOfNtries>0</NbOfNtries><Sum>0</Sum></TtlDbtNtries>
            </TxsSummry>
            <Ntry>
                <Amt Ccy="EUR">16156.3</Amt>
                <CdtDbtInd>CRDT</CdtDbtInd>
                <Sts>PDNG</Sts>
                <BookgDt><Dt>2013-02-12</Dt></BookgDt>
                <ValDt><Dt>2013-02-12</Dt></ValDt>                
                <BkTxCd>
                    <Domn><Cd>PMNT</Cd><Fmly><Cd>RCDT</Cd><SubFmlyCd>ESCT</SubFmlyCd></Fmly></Domn>
                    <Prtry><Cd>18 BN18</Cd><Issr>CFONB BNP</Issr></Prtry>
                </BkTxCd>
                <NtryDtls>
                    <TxDtls>
                        <Refs><EndToEndId>AP2013000000345</EndToEndId></Refs>
                        <RltdPties>
                            <Dbtr><Nm>UTSIT SARL</Nm></Dbtr>
                            <UltmtDbtr><Nm>Universwiftnet</Nm></UltmtDbtr>
                            <UltmtCdtr><Nm>Palais Franquin</Nm></UltmtCdtr>
                        </RltdPties>
                        <Purp><Cd>SUPP</Cd></Purp>
                        <RmtInf><Ustrd>EN REGLEMENT DE VOTRE FACTURE 20130131/0045 DU 31.01.2013.</Ustrd></RmtInf>
                    </TxDtls>
                </NtryDtls>
            </Ntry>
         </Ntfctn>
    </BkToCstmrDbtCdtNtfctn>
</Document>