:20:MT940/122203/001                                                                                                                                                                                                                                                                                                                                                                                            
:25:323161510                                                                                                                                                                                                                                                                                                                                                                                                   
:28C:00022/00001                                                                                                                                                                                                                                                                                                                                                                                                
:60F:C031222USD1950874,24                                                                                                                                                                                                                                                                                                                                                                                       
:61:031222CD94000000,00NTRFIDHA003157031222//0340403356FF                                                                                                                                                                                                                                                                                                                                                       
:86:FROM BANK OF AMERICA NA DALLAS TX 75283-1973 VIA IMAD 1222L1LFBF6 C0011330 TIME RECVD 02 28 PM B/O VIVENDI UNIVERSAL NEW YORK, NY 1 0152-0192 B/O 0910607580 UNIVERSAL STUDIOS INC. 100 UNIVERSAL CIT Y PLZ BK INFO /TIME/14 27                                                                                                                                                                             
:61:031222CD41003245,83NTRFPAYA33562C004072//0399413356FF                                                                                                                                                                                                                                                                                                                                                       
:86:FROM BNP PARIBAS NY BRANCH NEW YORK NY 10022-1240 VIA IMAD 1222B1 Q8201C001051P TIME RECVD 03 27 PM B/O VIVENDI UNIVERSAL U.S.HOLDI NG CO. 375 PARK AVE. B/O CHP/041560 919 3RD AVENUE, 3RD AND 4TH F LOORS BK INFO /OCMT/USD41003245,83//TIME/15 26                                                                                                                                                        
:61:031222CD18000000,00NTRFIDHA003158031222//0484114356FF                                                                                                                                                                                                                                                                                                                                                       
:86:FROM BANK OF AMERICA NA DALLAS TX 75283-1973 VIA IMAD 1222L1LFBF3 C0018730 TIME RECVD 04 42 PM B/O VIVENDI UNIVERSAL NEW YORK, NY 1 0152-0192 B/O 0910607580 UNIVERSAL STUDIOS INC. 100 UNIVERSAL CIT Y PLZ BK INFO /TIME/16 41                                                                                                                                                                             
:61:031222CD5380000,00NTRFNONREF//0345707356FF                                                                                                                                                                                                                                                                                                                                                                  
:86:FROM BANK OF AMERICA NA DALLAS TX 75283-1973 VIA IMAD 1222L1LFBF5 C0010600 TIME RECVD 02 32 PM B/O VIVENDI UNIVERSAL INTERACTIVE PU BLI B/O 1233332277 VIVENDI UNIVERSAL INTERACTIVE PUB. 6080 CENTER  DR 10TH FL BK INFO /TIME/14 29                                                                                                                                                                       
:61:031222DD85000000,00NTRFVIVENDIPARIS//0901600353FP                                                                                                                                                                                                                                                                                                                                                           
:86:PAID 026004226 SOCIETE GEN NEW YORK NY 10020 VIA IMAD 1222B1QGC02 C004215 FOR 150371 SOCIETE GENERALE PARIS FOR 3000303175030201035 3 VIVENDI UNIVERSAL PARIS SWIFT 00901601                                                                                                                                                                                                                                
:62M:C031222USD75334120,07                                                                                                                                                                                                                                                                                                                                                                                      
:20:MT940/122203/002                                                                                                                                                                                                                                                                                                                                                                                            
:25:323161510                                                                                                                                                                                                                                                                                                                                                                                                   
:28C:00022/00002                                                                                                                                                                                                                                                                                                                                                                                                
:60M:C031222USD75334120,07                                                                                                                                                                                                                                                                                                                                                                                      
:61:031222DD38000000,00NTRFBNPINVEST//1009100356FP                                                                                                                                                                                                                                                                                                                                                              
:86:PAID 026007689 BQE NAT PARIS NEW YORK NY 10022-1240 VIA IMAD 1222 B1QGC02C004976 FOR 0020052200243450 BNP PARIBAS NEW YORK SWIFT 01 009101                                                                                                                                                                                                                                                                  
:61:031222DD35500000,00NTRFBNPINVEST//0815400356FP                                                                                                                                                                                                                                                                                                                                                              
:86:PAID 026007689 BQE NAT PARIS NEW YORK NY 10022-1240 VIA IMAD 1222 B1QGC03C003777 FOR 0020052200243450 BNP PARIBAS NEW YORK SWIFT 00 815401                                                                                                                                                                                                                                                                  
:61:031222DD6279,98NMSCNONREF//0000570118XF                                                                                                                                                                                                                                                                                                                                                                     
:86:AUTO DOLLAR TRANSFER TO 0323161545                                                                                                                                                                                                                                                                                                                                                                          
:62F:C031222USD1827840,09                                                                                                                                                                                                                                                                                                                                                                                       
:64:C031222USD1827840,09                                                                                                                                                                                                                                                                                                                                                                                        
:86:CHECK SUBTOTAL 0USD0,00                                           DBT SUM 4USD158506279,98 DBT LIMIT USD0,                          CDT SUM 4USD158383245,83 CDT LIMIT USD0,                          -                                                                                                                                                                                                     
:20:MT940/122203/001                                                                                                                                                                                                                                                                                                                                                                                            
:25:323161529                                                                                                                                                                                                                                                                                                                                                                                                   
:28C:00022/00001                                                                                                                                                                                                                                                                                                                                                                                                
:60F:C031222USD339305,24                                                                                                                                                                                                                                                                                                                                                                                        
:61:031222DD187707,43NTRFNONREF//0312224903WC                                                                                                                                                                                                                                                                                                                                                                   
:86:WE HAVE DEBITED YOUR ACCOUNT AND CREDITED A LIKE AMOUNT TO YOURJP MC SYRACUSE ACCOUNT  IN ACCORDANCE WITH CASH MANAGEMENT DISBURSEM ENT INSTRUCTIONS.                                                                                                                                                                                                                                                       
:62F:C031222USD151597,81                                                                                                                                                                                                                                                                                                                                                                                        
:64:C031222USD151341,81                                                                                                                                                                                                                                                                                                                                                                                         
:65:C031223USD151597,81                                                                                                                                                                                                                                                                                                                                                                                         
:86:CHECK SUBTOTAL 0USD0,00                                           DBT SUM 1USD187707,43 DBT LIMIT USD0,                             CDT SUM 0USD0,00 CDT LIMIT USD0,                                  -                                                                                                                                                                                                     
:20:MT940/122203/001                                                                                                                                                                                                                                                                                                                                                                                            
:25:323161545                                                                                                                                                                                                                                                                                                                                                                                                   
:28C:00022/00001                                                                                                                                                                                                                                                                                                                                                                                                
:60F:C031222USD0,00                                                                                                                                                                                                                                                                                                                                                                                             
:61:031222CD6279,98NMSCNONREF//0000580118XF                                                                                                                                                                                                                                                                                                                                                                     
:86:AUTO DOLLAR TRANSF FROM 0323161510                                                                                                                                                                                                                                                                                                                                                                          
:61:031222DD4762,45NTRFNONREF//0312224904WC                                                                                                                                                                                                                                                                                                                                                                     
:86:WE HAVE DEBITED YOUR ACCOUNT AND CREDITED A LIKE AMOUNT TO YOURJP MC SYRACUSE ACCOUNT  IN ACCORDANCE WITH CASH MANAGEMENT DISBURSEM ENT INSTRUCTIONS.                                                                                                                                                                                                                                                       
:61:031222DD1517,53NTRF401-KVANGUARD//0901500353FP                                                                                                                                                                                                                                                                                                                                                              
:86:PAID 031201467 WACHOVIA BK NA PA PHILADELPHIA PA 19101 VIA IMAD 1 222B1QGC05C000314 FOR 2100013872783 VANGUARD MALVERN, PA FOR 0920 22 VIVENDI UNIVERSAL 401(K) PLAN NEW YORK, NY SWIFT 00901501 DETA ILS X VIVENDI UNIVERSAL 401(K) PLAN                                                                                                                                                                   
:62F:C031222USD0,00                                                                                                                                                                                                                                                                                                                                                                                             
:64:C031222USD0,00                                                                                                                                                                                                                                                                                                                                                                                              
:86:CHECK SUBTOTAL 0USD0,00                                           DBT SUM 2USD6279,98 DBT LIMIT USD0,                               CDT SUM 1USD6279,98 CDT LIMIT USD0,                               -                                                                                                                                                                                                     
:20:MT940/122203/001                                                                                                                                                                                                                                                                                                                                                                                            
:25:323952437                                                                                                                                                                                                                                                                                                                                                                                                   
:28C:00022/00001                                                                                                                                                                                                                                                                                                                                                                                                
:60F:C031222USD0,00                                                                                                                                                                                                                                                                                                                                                                                             
:62F:C031222USD0,00                                                                                                                                                                                                                                                                                                                                                                                             
:64:C031222USD0,00                                                                                                                                                                                                                                                                                                                                                                                              
:86:CHECK SUBTOTAL 0USD0,00                                           DBT SUM 0USD0,00 DBT LIMIT USD0,                                  CDT SUM 0USD0,00 CDT LIMIT USD0,                                  -                                                                                                                                                                                                     
:20:MTID00001                                                                                                                                                                                                                                                                                                                                                                                                   
:25:0000616                                                                                                                                                                                                                                                                                                                                                                                                     
:28C:00017/00001                                                                                                                                                                                                                                                                                                                                                                                                
:60F:C031218CAD0,00                                                                                                                                                                                                                                                                                                                                                                                             
:61:0312191219DD788,50NCHKNONREF                                      NO.200                                                                                                                                                                                                                                                                                                                                    
:61:0312191219DD2172,00NCHKNONREF                                     NO.209                                                                                                                                                                                                                                                                                                                                    
:62F:D031219CAD2960,50                                                                                                                                                                                                                                                                                                                                                                                          
:64:D031219CAD2960,50                                                                                                                                                                                                                                                                                                                                                                                           
:20:MTID00001                                                                                                                                                                                                                                                                                                                                                                                                   
:25:1004168                                                                                                                                                                                                                                                                                                                                                                                                     
:28C:00017/00001                                                                                                                                                                                                                                                                                                                                                                                                
:60F:C031218CAD20656,23                                                                                                                                                                                                                                                                                                                                                                                         
:61:0312191219CD11500000,00NMSCNONREF                                 INCOMING WIRE PAYMENT                                                                                                                                                                                                                                                                                                                     
:61:0312191219DD10000000,00NMSCNONREF                                 OUTGOING WIRE PAYMENT                                                                                                                                                                                                                                                                                                                     
:61:0312191219DD43000,00NMSCNONREF                                    OUTGOING WIRE PAYMENT                                                                                                                                                                                                                                                                                                                     
:61:0312191219DD100000,00NTRFNONREF                                   2118-1104-329 3587                                                                                                                                                                                                                                                                                                                        
:62F:C031219CAD1377656,23                                                                                                                                                                                                                                                                                                                                                                                       
:64:C031219CAD1377656,23                                                                                                                                                                                                                                                                                                                                                                                        
:20:MTID00001                                                                                                                                                                                                                                                                                                                                                                                                   
:25:1086466                                                                                                                                                                                                                                                                                                                                                                                                     
:28C:00017/00001                                                                                                                                                                                                                                                                                                                                                                                                
:60F:C031218CAD63512,15                                                                                                                                                                                                                                                                                                                                                                                         
:62F:C031222CAD63512,15                                                                                                                                                                                                                                                                                                                                                                                         
:64:C031222CAD63512,15                                                                                                                                                                                                                                                                                                                                                                                          
:20:MTID00001                                                                                                                                                                                                                                                                                                                                                                                                   
:25:1104329                                                                                                                                                                                                                                                                                                                                                                                                     
:28C:00017/00001                                                                                                                                                                                                                                                                                                                                                                                                
:60F:C031218CAD213186,50                                                                                                                                                                                                                                                                                                                                                                                        
:61:0312191219CD7649,63NMSCNONREF                                     DEFT REJECTS BOM     0128                                                                                                                                                                                                                                                                                                                 
:61:0312191219CD100000,00NTRFNONREF                                   2118-1004-168 3587                                                                                                                                                                                                                                                                                                                        
:61:0312191219DD211899,81NMSCNONREF                                   DEFT SETTLEMENT FLE  0128                                                                                                                                                                                                                                                                                                                 
:61:0312191219DD7649,63NMSCNONREF                                     DEFT REJ. CORRECTION 0128                                                                                                                                                                                                                                                                                                                 
:62F:C031219CAD101286,69                                                                                                                                                                                                                                                                                                                                                                                        
:64:C031219CAD101286,69                                                                                                                                                                                                                                                                                                                                                                                         
:20:MTID00001                                                                                                                                                                                                                                                                                                                                                                                                   
:25:4508600                                                                                                                                                                                                                                                                                                                                                                                                     
:28C:00017/00001                                                                                                                                                                                                                                                                                                                                                                                                
:60F:C031218USD67450,99                                                                                                                                                                                                                                                                                                                                                                                         
:62F:C031222USD67450,99                                                                                                                                                                                                                                                                                                                                                                                         
:64:C031222USD67450,99                                                                                                                                                                                                                                                                                                                                                                                          
:20:MTID00001                                                                                                                                                                                                                                                                                                                                                                                                   
:25:4600019                                                                                                                                                                                                                                                                                                                                                                                                     
:28C:00017/00001                                                                                                                                                                                                                                                                                                                                                                                                
:60F:C031218USD0,00                                                                                                                                                                                                                                                                                                                                                                                             
:62F:C031222USD0,00                                                                                                                                                                                                                                                                                                                                                                                             
:64:C031222USD0,00                                                                                                                                                                                                                                                                                                                                                                                              
:20:MTID00001                                                                                                                                                                                                                                                                                                                                                                                                   
:25:4600036                                                                                                                                                                                                                                                                                                                                                                                                     
:28C:00017/00001                                                                                                                                                                                                                                                                                                                                                                                                
:60F:C031218USD1296215,18                                                                                                                                                                                                                                                                                                                                                                                       
:61:0312181219CD141231,93NTRFNONREF                                   2118-4603-704                                                                                                                                                                                                                                                                                                                             
:61:0312191219DD662281,97NMSCNONREF                                   OUTGOING WIRE PAYMENT                                                                                                                                                                                                                                                                                                                     
:62F:C031219USD775165,14                                                                                                                                                                                                                                                                                                                                                                                        
:64:C031219USD775165,14                                                                                                                                                                                                                                                                                                                                                                                         
:20:MTID00001                                                                                                                                                                                                                                                                                                                                                                                                   
:25:4603704                                                                                                                                                                                                                                                                                                                                                                                                     
:28C:00017/00001                                                                                                                                                                                                                                                                                                                                                                                                
:60F:C031218USD173800,55                                                                                                                                                                                                                                                                                                                                                                                        
:61:0312181219DD141231,93NTRFNONREF                                   2118-4600-036                                                                                                                                                                                                                                                                                                                             
:61:0312191219CD399289,39NMSCNONREF                                   INCOMING WIRE PAYMENT                                                                                                                                                                                                                                                                                                                     
:62F:C031219USD431858,01                                                                                                                                                                                                                                                                                                                                                                                        
:64:C031219USD431858,01                                                                                                                                                                                                                                                                                                                                                                                         
