:20:2008051400000000
:25:BKAUATWWAXXX/09653804600EUR
:28C:095/001
:60F:C080513EUR235341,62
:61:080513D173065,26NTRFNONREF//181352057070164
:86:820>00Uebertrag>1008595>20Ueberweisung vom 14.05.>22ausgleich 190
9>3011000>3109654 496 000>32CWT-Beheermaatschappij B. V>33.
:61:080515C186,NTRFNONREF//181352090004924
:86:051>00Ueberweisungsgutschrift>1008511>20Gutschrift a/Elvia Reisev
er>21sicherun>22IHRE KTONR MAGALI /08200048>2321>24NR.30/00003525
9 /09.05.08/N>25ETTOBTR. 186,00 SCHADENNUMM>26ER 35259-STORNO SAC
HSENMAIE>27R>3011000>3100400 454 500>32Elvia Reiseversicherun
:61:080515C338,97NTRFNONREF//181352066089254
:86:051>00Ueberweisungsgutschrift>1008511>20Gutschrift a/Kueppersbusc
h >21Ges.m.b.H>24RE 30.04.08 080010124590 33>258,97 338,97 EUR>30
11000>3109414 337 700>32Kueppersbusch Ges.m.b.H
:61:080515C348,NTRFNONREF//181354978032904
:86:051>00Ueberweisungsgutschrift>1003000>20Gutschrift>3014000>310421
0026180>32ISKRAUPSTRASSE 24/30/42 1
:61:080515C405,36NTRFNONREF//181352012073534
:86:051>00Ueberweisungsgutschrift>1008511>20Gutschrift a/Belimo Autom
at>21ion Handels GmbH>22R:0707107-K:307395>3011000>3101211 015 10
0>32Belimo Automation Handels G>33mbH
:61:080515C427,06NTRFNONREF//181352000088154
:86:051>00Ueberweisungsgutschrift>1008511>20Gutschrift a/Softlab Gesm
bH>22Rg. 125787,126161,123761,01>2310596GS>24122947,123234,120886
,>3020151>3100697 517 308>32Softlab GesmbH
:61:080515C470,40NTRFNONREF//FBAWI08050165108
:86:202>00Auslandsverguetung>1001972>20UEBERW. REF.FBAWI0805016510>21
8>24R: 0125276 - K: 301405 LIC.>25IUR.WALTER MATT RECHTSANWAL>26T
 WERDENBERGERWEG 11 LI-949>270 VADUZ CARLSON WAGONLIT TR>30SECGDE
FF>31LI02088100000201400AA>32LIC.IUR.WALTER MATT
:61:080515C590,87NTRFNONREF//181354888187974
:86:051>00Ueberweisungsgutschrift>1008505>20Gutschrift a/BOVIS LEND L
EA>21SE BAU GMBH>24RG 08-001-0124710>3019985>3100024416002>32BOVI
S LEND LEASE BAU GMBH
:61:080515C712,90NTRF052780683501//380514201174294
:86:051>00Ueberweisungsgutschrift>1003000>20Gutschrift>22
               >23 052780683501>24RG: 08-007-0706821, 08-007->250
706822, 08-007-0706823 UND>26 08-007-0706824 ALLE VOM 25>27/04/20
08>3012000>3152780 683 501>32RRP ARCHITEKTEN ZT-GMBH
:61:080515C740,13NTRF000000301155//181354891143484
:86:051>00Ueberweisungsgutschrift>1008511>20Gutschrift a/Gesellschaft
 z>21ur Pruefung>22Rg. 08-001-0125485 v. 7.5.0>238000000301155>24
Auftrags-Nr. 1540349>3011000>3102443 026 600>32Gesellschaft zur P
ruefung
:61:080515C1439,87NTRFNONREF//FBAWI08050166853
:86:202>00Auslandsverguetung>1001972>20UEBERW. REF.FBAWI0805016685>21
3>24AUFTRAGS-NR. 1538942, 15382>2563 LIC.IUR.WALTER MATT RECH>26T
SANWALT WERDENBERGERWEG 11>27 LI-9490 VADUZ CARLSON WAGO>30SECGDE
FF>31LI02088100000201400AA>32LIC.IUR.WALTER MATT
:61:080515C2168,60NTRFNONREF//181354921365604
:86:051>00Ueberweisungsgutschrift>1008505>20Gutschrift a/WTE WASSERTE
CH>21NIK GMBH, NL AUSTRIA>22IHR KT 0000104243/200000195>238>24190
0003095/Re.08-007-070694>256,Kd.307182 1900003071,Re.0>268-007-07
06898 1700000154,Gu>27.08-007-0706935 1900003070,>3032000>3100000
508887>32WTE WASSERTECHNIK GMBH, NL >33AUSTRIA
:61:080515C2278,02NTRF009402622674//181354891076454
:86:051>00Ueberweisungsgutschrift>1008511>20Gutschrift a/AMERICAN EXP
RE>21SS GMBH.(ATU63852245)>22                           >23 00940
2622674>24AM: 08/05/13(08134013600405>25) BRUTTO SERV-GEB 20%UST
SU>26MME BRUTTO 2332,60 45,49 9,>2709>3011000>3100401 100 300>32A
MERICAN EXPRESS GMBH.(ATU6>333852245)
:61:080515C2669,45NTRFNONREF//181352063082134
:86:051>00Ueberweisungsgutschrift>1008511>20Gutschrift a/AWD CEE Hold
in>21g GmbH>22Unsere Kontonr. 307410>24Belegnr. Belegdatum Skonto
>25Netto 0707244 05.05.2008 0,>2600 651,29 0706851 28.04.200>278
0,00 403,29 0706850 28.04>3011000>3101270 520 801>32AWD CEE Holdi
ng GmbH
:61:080515C4948,74NTRFNONREF//181354942002494
:86:051>00Ueberweisungsgutschrift>1008511>20Gutschrift a/AirPlus Air
Tr>21avel Card>2289500970008802657>24Ihr DC-Konto: 89500 / 97000>
258802657 / 13.05.08 Die Deta>26ilaufstellung der Abrechnun>27g e
ntnehmen Sie bitte dem d>3011000>3100404 118 200>32AirPlus Air Tr
avel Card
:61:080515C6929,27NTRF051417818818//380514202067374
:86:051>00Ueberweisungsgutschrift>1003000>20Gutschrift>22
               >23 051417818818>3012000>3151417 818 818>32REEEP
:61:080515C64408,37NTRFNONREF//181354888129194
:86:051>00Ueberweisungsgutschrift>1008511>20Gutschrift a/AUSTRIAN AIR
LI>21NES AG>22IHRE KTONR 0073000371 /3180>23014492>24NR.220300129
8 /08.05.08/NET>25TOBTR. 64.408,37>3012000>3123010 091 800>32AUST
RIAN AIRLINES AG
:62F:C080514EUR151338,37
-ό
δ1:F01BKAUATWW2XXX0000000000όδ2:I940BKAUATWWXXX

:20:2008051400000000
:25:BKAUATWWAXXX/09654496000EUR
:28C:094/001
:60F:D080513EUR170622,16
:61:080513D172,80NDDT259006025098//181344588268174
:86:004>00Lastschrift (Abbuchung)>1008505>20Lastschrift a/DERTOUR GMB
H >21& CO.KG>22IHRE KTONR 023259 /00602509>238259006025098>24NR.7
90397723 /14.04.08/NETT>25OBTR. 360,00 341 0001 AR790>2639772302
RIEHS/LAURA NR.803>27732544 /06.05.08/NETTOBTR.>3035000>310001601
6347>32DERTOUR GMBH & CO.KG
:61:080514D174,84NDDT625006025234//181344588270344
:86:004>00Lastschrift (Abbuchung)>1008505>20Lastschrift a/DERTOUR GMB
H >21& CO.KG>22IHRE KTONR 030625 /00602523>234625006025234>24NR.8
04097467 /01.05.08/NETT>25OBTR. 174,84 341 0001 AR804>2609746701
ZHANG/SHAONING>3035000>3100016016347>32DERTOUR GMBH & CO.KG
:61:080513D262,65NDDTNONREF//181344687392594
:86:004>00Lastschrift (Abbuchung)>1008511>20Lastschrift a/holiday aut
os>21 GmbH>24R.Nr.3095378 B.Nr.D4168714>25K.Nr.31376 MW vom 24.05
.08>26Lissabon>3012000>3151100 407 100>32holiday autos GmbH
:61:080513D396,86NDDTNONREF//181344672255394
:86:004>00Lastschrift (Abbuchung)>1008511>20Lastschrift a/RAIL TOURS
TO>21URISTIK GMBH>22IHRE KTONR 0090028966 /1300>23023401>24NR.200
108380746 /21.04.08/N>25ETTOBTR. 315,90 R/200108380>26746/000577/
LAMP /20080519/1>27018720 NR.200108382250 /25.>3012000>3150670 64
9 101>32RAIL TOURS TOURISTIK GMBH
:61:080513D1544,04NDDTNONREF//181344753156074
:86:004>00Lastschrift (Abbuchung)>1008511>20Lastschrift a/Frosch Tour
is>21tik GmbH>3011000>3109925 462 502>32Frosch Touristik GmbH
:61:080513C173065,26NTRFNONREF//181352057070174
:86:820>00Uebertrag>1008595>20Gutschrift a/CWT-Beheermaat>21schappij
B. V.>22ausgleich 1909>3011000>3109653 804 600>32CWT-Beheermaatsc
happij B. V>33.
:62F:D080514EUR108,09
-ό
δ1:F01BKAUATWW2XXX0000000000όδ2:I940BKAUATWWXXX


:20:2008051500000000
:25:BKAUATWWAXXX/09653804600EUR
:28C:096/001
:60F:C080514EUR151338,37
:61:080515D231,40NTRF2008051500000//FBADT08050112452
/OCMT/USD320,00/
:86:206>00Auslandsueberweisung>1001980>20UEBERW. REF.FBADT0805011245>
212            200805150001>24CARLSON WAGONLIT TRAVEL VIE>25NNA 9
29-9182-6 DIFFERENCE T>26C SALES 09.05.2007 AMERICAN>27 EXPRESS B
ANK LTD. US NEW Y>3181000646>32AMERICAN EXPRESS BANK LTD.
:61:080514D3230,29NTRFNONREF//181362366072534
:86:820>00Uebertrag>1008595>20Ueberweisung vom 15.05.>22Ausgleich 190
9>3011000>3109654 496 000>32CWT-Beheermaatschappij B. V>33.
:61:080515D32300,88NTRF2008051500000//FBADT08050112453
/OCMT/USD49800,00/
:86:206>00Auslandsueberweisung>1001980>20UEBERW. REF.FBADT0805011245>
213            200805150001>24CARLSON WAGONLIT TRAVEL VIE>25NNA 9
29-9182-6 TC SALES FRO>26M 23.04.-14.05.2008 AMERICA>27N EXPRESS
BANK LTD. US NEW>3181000646>32AMERICAN EXPRESS BANK LTD.
:61:080515D383684,43NTRF2008050800000//181362297463354
:86:079>00Sammler>1008511>20Datentraeger 2008050800000 >21mit     4 U
eberweisungen
:61:080516C70,77NTRFNONREF//181362384025734
:86:051>00Ueberweisungsgutschrift>1008511>20Gutschrift a/Rienhoff Gmb
H>22PROV 04/08>24Belegnr. Belegdatum Skonto>25Netto PROV 04/08 30
.04.2008>26 0,00 70,77>3011000>3100572 557 700>32Rienhoff GmbH
:61:080516C187,28NTRFNONREF//181362222006244
:86:051>00Ueberweisungsgutschrift>1008505>20Gutschrift a/HANSGROHE GM
BH>22IHRE KTONR 0001013218 /3000>23000221>24NR.08-007-0706303 /17
0408 />25NETTOBTR. 144,69- NR.08-007>26-0706664 /240408 /NETTOBTR
.>27 98,00 NR.08-007-0707241 /0>3019100>3100031085000>32HANSGROHE
 GMBH
:61:080516C190,NBARNONREF//06588
:86:082>00Einzahlungen>1006588>20TAGESLOSUNG INTERN.ZENTRUM >21WIEN
:61:080516C297,NTRFNONREF//380515102049674
:86:051>00Ueberweisungsgutschrift>1003000>20Gutschrift>241542661>3012
000>3100723 406 567>32MANUELA ROETZER
:61:080516C297,NTRFNONREF//380515102081484
:86:051>00Ueberweisungsgutschrift>1003000>20Gutschrift>3012000>311952
7 714 037>32CHRISTINE KREIDL
:61:080516C307,20NBARNONREF//06588
:86:082>00Einzahlungen>1006588>20TAGESLOSUNG INTERN.ZENTRUM >21WIEN
:61:080516C348,97NTRFNONREF//181362252288714
:86:051>00Ueberweisungsgutschrift>1008505>20Gutschrift a/Softlab Gesm
bH>22Rg. 08-001-0124687>24Rg. 08-001-0124687>3020111>312865742120
0>32Softlab GesmbH
:61:080516C399,NTRF000000201103//181362228032664
:86:051>00Ueberweisungsgutschrift>1008505>20Gutschrift a/A-TEC INDUST
RI>21ES AG>22re08-001-0124115 minus GS  >23 000000201103>24gs 08-
001-0124738>3018160>3143173494063>32A-TEC INDUSTRIES AG
:61:080516C432,67NTRF000000201103//181362228032674
:86:051>00Ueberweisungsgutschrift>1008505>20Gutschrift a/A-TEC INDUST
RI>21ES AG>22re08-001-0124720           >23 000000201103>3018160>
3143173494063>32A-TEC INDUSTRIES AG
:61:080516C462,76NTRFNONREF//181362222006234
:86:051>00Ueberweisungsgutschrift>1008505>20Gutschrift a/BULGARI AUST
RI>21A GMBH>2408-001-0120894, 08-001-0121>25065>3019100>310003162
6001>32BULGARI AUSTRIA GMBH
:61:080516C553,27NTRFNONREF//181362456208634
:86:051>00Ueberweisungsgutschrift>1008511>20Gutschrift a/WIIW-Wr.Inst
.I>21nternWirtschaftsvergl>22Re 08-007-0707475>3012000>3110914 38
0 700>32WIIW-Wr.Inst.InternWirtscha>33ftsvergl
:61:080516C606,NTRFNONREF//181362324103714
:86:051>00Ueberweisungsgutschrift>1008505>20Gutschrift a/Dir. DI Joha
nn>21 Haider>22Auftragsnr.: 1534591>24Re Nr. 08-001-0125335 v.6.5
>25.08>3014200>3120010387745>32Dir. DI Johann Haider
:61:080516C1064,82NTRF000000201103//181362228032684
:86:051>00Ueberweisungsgutschrift>1008505>20Gutschrift a/A-TEC INDUST
RI>21ES AG>22re08-001-0124300           >23 000000201103>3018160>
3143173494063>32A-TEC INDUSTRIES AG
:61:080516C1200,NTRFNONREF//181362252083714
:86:051>00Ueberweisungsgutschrift>1008505>20Gutschrift a/Nikola Nikic
>22Restbetrag zur Anz.1502794 >23 nikic>3020219>3101801023613>32N
ikola Nikic
:61:080516C1246,44NTRFNONREF//181362324103704
:86:051>00Ueberweisungsgutschrift>1008505>20Gutschrift a/Robert Jahn>
22Auftrag 1505925>3014200>3120010252726>32Robert Jahn
:61:080516C1526,NBARNONREF//06588
:86:082>00Einzahlungen>1006588>20TAGESLOSUNG INTERN.ZENTRUM >21WIEN
:61:080516C2325,68NTRFNONREF//181362267010654
:86:051>00Ueberweisungsgutschrift>1008505>20Gutschrift a/STRAUSS & PA
RT>21NER IMMOBILIEN GMBH>22K:307306,R0706394>3017000>310010000305
8>32STRAUSS & PARTNER IMMOBILIE>33N GMBH
:61:080516C2615,40NTRF009402622674//181362216234124
:86:051>00Ueberweisungsgutschrift>1008511>20Gutschrift a/AMERICAN EXP
RE>21SS GMBH.(ATU63852245)>22                           >23 00940
2622674>24AM: 08/05/14(08135011800423>25) BRUTTO SERV-GEB 20%UST
SU>26MME BRUTTO 2678,07 52,22 10>27,45>3011000>3100401 100 300>32
AMERICAN EXPRESS GMBH.(ATU6>333852245)
:61:080516C4831,30NTRFNONREF//181362261162904
:86:051>00Ueberweisungsgutschrift>1008505>20Gutschrift a/UNIQA VERSIC
HE>21RUNGEN AG>22IHRE KTONR 0001108435 /2900>23007733>24NR.08-008
 0800120 /240408 />25NETTOBTR. 4.831,30>3031000>3100100613042>32U
NIQA VERSICHERUNGEN AG
:61:080516C86509,83NTRFNONREF//181362198111154
:86:051>00Ueberweisungsgutschrift>1008505>20Gutschrift a/UNOV>22CWT I
nvoices  DSBB10830-5>3020151>3100690 030 200>32UNOV
:61:080516C147604,88NTRFNONREF//181362198133564
:86:051>00Ueberweisungsgutschrift>1008505>20Gutschrift a/UNOV>22CWT I
nvoices  DSBB10829-2>3011000>3101270 107 400>32UNOV
:61:080515C724990,NTRFNONREF//FBAWI08050199034
:86:202>00Auslandsverguetung>1001970>20UEBERW. REF.FBAWI0805019903>21
4>24 CWT BEHEERMAATSCHAPPIJ BV>25AUSTRIA B WISSELWERKING 58>26GEB
. APOLLO 1112 XS DIEMEN,>27 NEDERLAND CWT BEHEERMAATSC>32CWT BEHE
ERMAATSCHAPPIJ BV A>33USTRIA B WISSELWERKING 58 G
:62F:C080515EUR709957,64
-ό
δ1:F01BKAUATWW2XXX0000000000όδ2:I940BKAUATWWXXX


2008051500000000
:20:2008051400000000
:25:BKAUATWWAXXX/09654496000EUR
:28C:095/001
:60F:D080514EUR108,09
:61:080515D918,35NTRF2008051400001//181362297463894
:86:079>00Sammler>1008511>20Datentraeger 2008051400001 >21mit     4 U
eberweisungen
:61:080515D1911,22NTRF0001010518//181362297463834
:86:079>00Sammler>1008511>20Datentraeger 0001010518 mit>21     5 Uebe
rweisungen
:61:080514D3122,20NDDTNONREF//181354957010694
:86:004>00Lastschrift (Abbuchung)>1008505>20Lastschrift a/THOMAS COOK
 A>21USTRIA AG>22KDNR. /R0064439>2400AVIS VOM 12.05.08 ZU 01ZA>25
HLUNGSBELEG 1400014002 KDNR>26. /R0064439>3020111>3100001071955>3
2THOMAS COOK AUSTRIA AG
:61:080515D37536,NTRF2008051400000//181362297463744
:86:079>00Sammler>1008511>20Datentraeger 2008051400000 >21mit     1 U
eberweisung
:61:080516C189,85NTRFNONREF//181362384025744
:86:051>00Ueberweisungsgutschrift>1008511>20Gutschrift a/Rienhoff Gmb
H>22PROV 04/08>24Belegnr. Belegdatum Skonto>25Netto PROV 04/08 30
.04.2008>26 0,00 189,85>3011000>3100572 557 700>32Rienhoff GmbH
:61:080514C3230,29NTRFNONREF//181362366072544
:86:820>00Uebertrag>1008595>20Gutschrift a/CWT-Beheermaat>21schappij
B. V.>22Ausgleich 1909>3011000>3109653 804 600>32CWT-Beheermaatsc
happij B. V>33.
:62F:D080515EUR40175,72
-ό
δ1:F01BKAUATWW2XXX0000000000όδ2:I940BKAUATWWXXX


:20:2008051600000000
:25:BKAUATWWAXXX/09653804600EUR
:28C:097/001
:60F:C080515EUR709957,64
:61:080515D377540,03NTRFNONREF//181372672063284
:86:820>00Uebertrag>1008595>20Ueberweisung vom 16.05.>22ausgleich 190
9>3011000>3109654 496 000>32CWT-Beheermaatschappij B. V>33.
:61:080519C53,76NTRFNONREF//181372498006934
:86:051>00Ueberweisungsgutschrift>1008505>20Gutschrift a/NH HOTELES A
US>21TRIA GMBH>24INV: 08-008-0800119>3019100>3100031437000>32NH H
OTELES AUSTRIA GMBH
:61:080519C94,NTRFNONREF//181372534347734
:86:051>00Ueberweisungsgutschrift>1008505>20Gutschrift a/HOFER JOHANN
ES>21 ODE>241542782 HOFER KAROLIN>3032842>3100000034710>32HOFER J
OHANNES ODE
:61:080519C241,38NTRF052780683501//380516202001864
:86:051>00Ueberweisungsgutschrift>1003000>20Gutschrift>22
               >23 052780683501>24RG: 08-007-0707011 VOM 30/0>254
/2008>3012000>3152780 683 501>32RRP ARCHITEKTEN ZT-GMBH
:61:080519C252,NTRF000000301149//181372499353204
:86:051>00Ueberweisungsgutschrift>1008511>20Gutschrift a/Dr. Karl J.
Pi>21sec>22Re. 08-001-0125636,0125635 >23 000000301149>24Re.08-00
1-0125628,0125626 E>25R 616-619>3011000>3109653 025 800>32Dr. Kar
l J. Pisec
:61:080519C297,NTRFNONREF//181372513007854
:86:051>00Ueberweisungsgutschrift>1008505>20Gutschrift a/Dr. Julia M.
 H>21. Unger>241542659 Rechnung vom 13.5.2>25008 Referenz: R: 012
6690-K:>26414709>3019200>3162514439006>32Dr. Julia M. H. Unger
:61:080517C297,NTRFNONREF//380516201138094
:86:051>00Ueberweisungsgutschrift>1003000>20Gutschrift>241542635>3012
000>3100701 420 291>32KLAUS GIRITZHOFER
:61:080517C297,NTRFNONREF//380516101119344
:86:051>00Ueberweisungsgutschrift>1003000>20Gutschrift>241542633>3012
000>3100701 420 291>32KLAUS GIRITZHOFER
:61:080519C533,NTRFNONREF//181372606035614
:86:051>00Ueberweisungsgutschrift>1003000>20Gutschrift>3047150>314825
4690000
:61:080519C608,59NTRF000000201225//181372528090094
:86:051>00Ueberweisungsgutschrift>1008505>20Gutschrift a/DORMA Hueppe
 A>21ustria GmbH>22080010121246               >23 000000201225>30
20320>3116700103482>32DORMA Hueppe Austria GmbH
:61:080519C637,NTRFNONREF//181372498006944
:86:051>00Ueberweisungsgutschrift>1008505>20Gutschrift a/AMADEUS AUST
RI>21A MARKETING GMBH>24INV0010123786/ER304>3019100>3100031600000
>32AMADEUS AUSTRIA MARKETING G>33MBH
:61:080519C714,10NTRF000000080509//181372591041764
:86:051>00Ueberweisungsgutschrift>1008505>20Gutschrift a/HOBEX AG ATU
 3>215185508>22ABSCHLUESSE: 080509        >23 000000080509>24ABSC
HL TID BETRAG DISAGIO M>25WST BANKSP. 080509 0225 722>26,78 7,23
1,45 0,00 SUMMEN 7>2722,78 7,23- 1,45- 0,00->3035000>310000006968
2>32HOBEX AG ATU 35185508
:61:080519C1037,48NTRFNONREF//181372606035624
:86:051>00Ueberweisungsgutschrift>1003000>20Gutschrift>3044220>310000
0009780>32OESTERREICHISCHER
:61:080519C1855,25NTRFNONREF//181372537156844
:86:051>00Ueberweisungsgutschrift>1008505>20Gutschrift a/Michael Muel
le>21r>221505972>3014200>3120010218005>32Michael Mueller
:61:080519C1927,61NTRF000000307564//181372528082184
:86:051>00Ueberweisungsgutschrift>1008505>20Gutschrift a/PKF Hotelexp
er>21ts GmbH>22siehe Beilage              >23 000000307564>24Rech
nungsnr./Datum Rg.Betra>25g Skonto Skontobetrag 08-00>267-0707270
 390,29 0,0% 0,00>27UE-Betrag= 390,29 08-007-07>3020111>312825453
6500>32PKF Hotelexperts GmbH
:61:080519C2003,45NTRF000000307564//181372528082164
:86:051>00Ueberweisungsgutschrift>1008505>20Gutschrift a/PKF Hotelexp
er>21ts GmbH>22siehe Beilage              >23 000000307564>24Rech
nungsnr./Datum Rg.Betra>25g Skonto Skontobetrag 08-00>267-0706190
 400,69 0,0% 0,00>27UE-Betrag= 400,69 08-007-07>3020111>312825453
6500>32PKF Hotelexperts GmbH
:61:080519C2118,10NTRF000000301149//181372499353194
:86:051>00Ueberweisungsgutschrift>1008511>20Gutschrift a/Dr. Karl J.
Pi>21sec>22Re. 08-001-0120571,0120573 >23 000000301149>2408-001-0
126188,0126189>3011000>3109653 025 800>32Dr. Karl J. Pisec
:61:080519C2580,NTRFNONREF//181372516002924
:86:051>00Ueberweisungsgutschrift>1008505>20Gutschrift a/SHELL AUSTRI
A >21GESELLSCHAFT M.B.H.>240002115440/2200160687//08-0>2501-01117
 62>3019985>3100024243000>32SHELL AUSTRIA GESELLSCHAFT >33M.B.H.
:61:080519C2845,NBARNONREF//04630
:86:082>00Einzahlungen>1004630>20TAGESLOSUNG MILLENNIUM CITY
:61:080519C3230,02NTRF000000307564//181372528082174
:86:051>00Ueberweisungsgutschrift>1008505>20Gutschrift a/PKF Hotelexp
er>21ts GmbH>22siehe Beilage              >23 000000307564>24Rech
nungsnr./Datum Rg.Betra>25g Skonto Skontobetrag 08-00>267-0706251
 921,70 0,0% 0,00>27UE-Betrag= 921,70 08-007-07>3020111>312825453
6500>32PKF Hotelexperts GmbH
:61:080519C5293,50NTRFNONREF//FBAWI08050211338
:86:202>00Auslandsverguetung>1001972>20UEBERW. REF.FBAWI0805021133>21
8>24RECHNUNG 08-008-0800135 MCK>25INSEY U. COMPANY INC. KOENI>26G
SALLEE 60 40212 DUESSELDOR>27F CARLSON WAGONLIT TRAVEL H>32MCKINS
EY U. COMPANY INC. KO>33ENIGSALLEE 60
:61:080519C13106,88NTRFNONREF//181372651012214
:86:051>00Ueberweisungsgutschrift>1008511>20Gutschrift a/CTBTO>22ME08
0-112, ME08-112  additi>23o>24nal airport taxes to be pai>25d to
CWT for Mr. Akech 08-0>2605- 0502207 DSBB4985-1>3020151>3100690 0
41 009>32CTBTO
:61:080519C14538,84NTRF009402622674//181372507135204
:86:051>00Ueberweisungsgutschrift>1008511>20Gutschrift a/AMERICAN EXP
RE>21SS GMBH.(ATU63852245)>22                           >23 00940
2622674>24AM: 08/05/15(08136011700505>25) BRUTTO SERV-GEB 20%UST
SU>26MME BRUTTO 14887,20 290,30>2758,06>3011000>3100401 100 300>3
2AMERICAN EXPRESS GMBH.(ATU6>333852245)
:61:080519C235377,13NTRFNONREF//181372499325774
:86:051>00Ueberweisungsgutschrift>1008511>20Gutschrift a/HENKEL CEE>2
2KTO BEI IHNEN 160734>24NR.08-001-0120357 /100408 />25NETTOBTR. 2
01.435,23- GS ZU>26 RN 0118683-27/26958 NR.08->27001-0125249 /060
508 /NETTOB>3020151>3100605 044 908>32HENKEL CEE
:62F:C080516EUR622355,70
-ό
δ1:F01BKAUATWW2XXX0000000000όδ2:I940BKAUATWWXXX

:20:2008051600000000
:25:BKAUATWWAXXX/09654496000EUR
:28C:096/001
:60F:D080515EUR40175,72
:61:080515D500,NDDTNONREF//181362217109804
:86:004>00Lastschrift (Abbuchung)>1008505>20Lastschrift a/AIRBERLIN>2
46770370MORON-02.10 500.00>3020111>3128040960700>32AIRBERLIN
:61:080516D786,32NDDT214090393191//181362171064584
:86:005>00Lastschrift (Einzugserm.)>1008511>20EZE-Lastschrift a/MOBIL
KOM >21AUSTRIA>22A1 RECHNUNG       03/08  31>233214090393191>3012
000>3150618 762 200>32MOBILKOM AUSTRIA
:61:080515D336674,46NDDTNONREF//181362222015604
:86:005>00Lastschrift (Einzugserm.)>1008505>20EZE-Lastschrift a/INTER
NATI>21ONAL AIR TRANSPORT ASSOCIA>240620152>3019100>3100031301000
>32INTERNATIONAL AIR TRANSPORT>33 ASSOCIA
:61:080519C32,40NTRFNONREF//181372666100584
:86:051>00Ueberweisungsgutschrift>1008511>20Gutschrift a/holiday auto
s >21GmbH>24R.Nr.3162845 B.Nr.D4239585>25AGNR.57641 - Anmiet. 23.
05.>2608 KD.Dr. DIETMAR HALTRICH>3012000>3151100 407 100>32holida
y autos GmbH
:61:080515C377540,03NTRFNONREF//181372672063294
:86:820>00Uebertrag>1008595>20Gutschrift a/CWT-Beheermaat>21schappij
B. V.>22ausgleich 1909>3011000>3109653 804 600>32CWT-Beheermaatsc
happij B. V>33.
:62F:D080516EUR564,07
-ό
δ1:F01BKAUATWW2XXX0000000000όδ2:I940BKAUATWWXXX


:20:2008051900000000
:25:BKAUATWWAXXX/09653804600EUR
:28C:098/001
:60F:C080516EUR622355,70
:61:080516D24325,12NTRFNONREF//181403003066734
:86:820>00Uebertrag>1008595>20Ueberweisung vom 19.05.>22ausgleich 190
9>3011000>3109654 496 000>32CWT-Beheermaatschappij B. V>33.
:61:080519D400010,NTRF2008051900000//FBADT08050139096
:86:206>00Auslandsueberweisung>1001970>20UEBERW. REF.FBADT0805013909>
216            200805190001>24VALUE 19. MAY 2008 CWT BEHE>25ERMAA
TSCHAPPIJ BV AUSTRIA N>26L NL62BKMG0261069020 BANK M>27ENDES GANS
 N.V. AMSTERDAM>31NL62BKMG0261069020>32CWT BEHEERMAATSCHAPPIJ BV
A>33USTRIA
:61:080520C13,NTRFNONREF//181402867074434
:86:051>00Ueberweisungsgutschrift>1008505>20Gutschrift a/RAIFFEISEN I
NT>21ERNATIONAL BANK-HOLDI>2208-007-0707225abzgl.0707361>3031000>
3100100544916>32RAIFFEISEN INTERNATIONAL BA>33NK-HOLDI
:61:080520C38,NTRFNONREF//181402823064744
:86:051>00Ueberweisungsgutschrift>1008595>20Gutschrift a/Udo Ploedere
r>221538476 Parkplatz C>3012000>3152706 449 101>32Udo Ploederer
:61:080520C297,NTRFNONREF//181402823107124
:86:051>00Ueberweisungsgutschrift>1008595>20Gutschrift a/Robert Wotta
wa>22R: 0126689- K: 414708>3012800>3183025 952 400>32Robert Wotta
wa
:61:080520C297,NTRF000001542669//181402840169584
:86:051>00Ueberweisungsgutschrift>1008505>20Gutschrift a/Andrea Brand
au>22Yoga Workshop Kreta,       >23 000001542669>2419.5. - 26.5.0
8, Andrea Bra>25ndau>3014000>3124510820122>32Andrea Brandau
:61:080520C297,NTRFNONREF//181402864058474
:86:051>00Ueberweisungsgutschrift>1008505>20Gutschrift a/GAHLEITNER M
AR>21IA>22R: 0126693-K:414712>24Flug Heraklion Auftragsnumm>25er
1542667>3034410>3100007616923>32GAHLEITNER MARIA
:61:080520C297,NTRFNONREF//181402867245224
:86:051>00Ueberweisungsgutschrift>1008505>20Gutschrift a/BRANDAU ANDR
EA>221542663>24Flug only Heraklion 19.5. ->25 26.5.08>3032633>310
0000207340>32BRANDAU ANDREA
:61:080520C325,06NTRFNONREF//181402867074424
:86:051>00Ueberweisungsgutschrift>1008505>20Gutschrift a/OEPAG>22RE 0
80070707023>24FAKTURA ZAHLUNG SKONTO ER06>2539 325.06 0.00>303100
0>3100100487116>32OEPAG
:61:080520C391,09NTRFNONREF//181402867074414
:86:051>00Ueberweisungsgutschrift>1008505>20Gutschrift a/RAIFFEISEN I
NT>21ERNATIONAL BANK-HOLDI>2208-007-0707491>3031000>3100100544916
>32RAIFFEISEN INTERNATIONAL BA>33NK-HOLDI
:61:080520C421,67NTRFNONREF//181402924002574
:86:051>00Ueberweisungsgutschrift>1008511>20Gutschrift a/DIE NIEDEROE
ST>21ERREICHISCHE>22IHRE KTONR 0000000330 /0005>23903252>24NR.08-
007-0707428 /080508 />25NETTOBTR. 421,67>3011000>3100400 480 000>
32DIE NIEDEROESTERREICHISCHE
:61:080520C924,60NTRF000000307581//181402844390704
:86:051>00Ueberweisungsgutschrift>1008505>20Gutschrift a/Allplan GmbH
.>224252/E 366/5, Rg. 0707330  >23 000000307581>3060000>310000724
2050>32Allplan GmbH.
:61:080520C930,20NTRF000000037236//181402795054414
:86:051>00Ueberweisungsgutschrift>1008511>20Gutschrift a/Kompas Touri
st>21ik Reiseveranstaltung>22                           >23 00000
0037236>24Rechnung Brutto % Skonto Be>25trag 118028 722,00 722,00
 1>2622829 87,40 87,40 122833 12>270,80 120,80>3020151>3100660 49
1 200>32Kompas Touristik Reiseveran>33staltung
:61:080520C1104,90NTRFNONREF//FBAWI08050238342
:86:202>00Auslandsverguetung>1001972>20UEBERW. REF.FBAWI0805023834>21
2>24REFERENCE I 0707498-C.30777>257 SCYTHIAN LTD VOUFAVENTOU>264
FLAT OFFICE 04 LAKATAMIA>272322 NICOSIA CYPRUS CARLSON>32SCYTHIAN
 LTD VOUFAVENTOU 4
:61:080520C1744,28NTRFNONREF//181402822754574
:86:051>00Ueberweisungsgutschrift>1008595>20Gutschrift a/Mag. Florian
 H>21utter>22A:1543608-K:414721>24Auftrag A-001-1543608, A:15>254
3608-K:414721 Reise Suedaf>26rik a (Kapstadt/Pretoria) 0>271-15Ju
n08 Mag. Flor ian Hut>3012000>3126326 422 500>32Mag. Florian Hutt
er
:61:080520C2132,NTRFNONREF//181402858178354
:86:051>00Ueberweisungsgutschrift>1003000>20Gutschrift>3043610>314320
9090080
:61:080520C2345,64NTRFNONREF//FBAWI08050233776
:86:202>00Auslandsverguetung>1001972>20UEBERW. REF.FBAWI0805023377>21
6>24DETAILS OF PAYMENT AS PER S>25EPARATE LETTER DYNAPAC COMP>26A
CTION EQUIPMENT BOX 504 S->27371 23 KARLSKRONA SWEDEN CA>32DYNAPA
C COMPACTION EQUIPMEN>33T BOX 504
:61:080520C107207,37NTRFNONREF//181402912027944
:86:051>00Ueberweisungsgutschrift>1008511>20Gutschrift a/Lufthansa Ai
rP>21lus>22121001501853>24RENR. AT00014727 19.05.2008>25 EUR 107.
207,37 SALDO EUR 1>2607.207,37>3012000>3100602 682 007>32Lufthans
a AirPlus
:62F:C080519EUR316786,39
-ό
δ1:F01BKAUATWW2XXX0000000000όδ2:I940BKAUATWWXXX

:20:2008051900000000
:25:BKAUATWWAXXX/09654496000EUR
:28C:097/001
:60F:D080516EUR564,07
:61:080516D54,NDDTNONREF//181372666081214
:86:004>00Lastschrift (Abbuchung)>1008511>20Lastschrift a/Frosch Tour
is>21tik GmbH>24RG.NR 056048402 220108 ZA 5>254,00>3011000>310992
5 462 502>32Frosch Touristik GmbH
:61:080519D1272,48NTRF2008051600000//181402882112914
:86:079>00Sammler>1008511>20Datentraeger 2008051600000 >21mit     1 U
eberweisung
:61:080519D7374,76NTRF0001010520//181402882113084
:86:079>00Sammler>1008511>20Datentraeger 0001010520 mit>21     6 Uebe
rweisungen
:61:080519D17694,71NTRF2008051600001//181402882113004
:86:079>00Sammler>1008511>20Datentraeger 2008051600001 >21mit     5 U
eberweisungen
:61:080516D23674,65NDDT000000040915//181372537240374
:86:004>00Lastschrift (Abbuchung)>1008505>20Lastschrift a/OEBB PERSON
EN>21VERKEHR AG A-1150  WIE>22IHRE KTONR 0090028966 /1300>2300000
00040915>24NR.1100028623 /30.04.08/NET>25TOBTR. 23.674,65>3018190
>3110014000007>32OEBB PERSONENVERKEHR AG A-1>33150  WIE
:61:080519D37061,68NTRF0001010519//181402882112904
:86:079>00Sammler>1008511>20Datentraeger 0001010519 mit>21    26 Uebe
rweisungen
:61:080520C13,93NTRFNONREF//181402882027254
:86:051>00Ueberweisungsgutschrift>1008511>20Gutschrift a/ARAC GmbH>22
33613645>24Rg 100400093176, MV 1244519>2513 EUR 13,93>3011000>310
0501 657 100>32ARAC GmbH
:61:080520C15,97NTRFNONREF//181402882027264
:86:051>00Ueberweisungsgutschrift>1008511>20Gutschrift a/ARAC GmbH>22
7081795020>24Rg 100300370830, MV 1050092>25412 EUR 15,97>3011000>
3100501 657 100>32ARAC GmbH
:61:080520C345,06NTRFNONREF//181402966083584
:86:051>00Ueberweisungsgutschrift>1008511>20Gutschrift a/Frosch Touri
st>21ik GmbH>3011000>3109925 462 502>32Frosch Touristik GmbH
:61:080520C779,40NTRFNONREF//181402795057654
:86:051>00Ueberweisungsgutschrift>1008511>20Gutschrift a/Internationa
l >21Brand Hospitality Gmb>22Unsere Kontonr.>24Belegnr. Belegdatu
m Skonto>25Netto 08-008-080 26.03.2008>26 0,00 779,40>3020151>310
0696 074 616>32International Brand Hospita>33lity Gmb
:61:080516C24325,12NTRFNONREF//181403003066744
:86:820>00Uebertrag>1008595>20Gutschrift a/CWT-Beheermaat>21schappij
B. V.>22ausgleich 1909>3011000>3109653 804 600>32CWT-Beheermaatsc
happij B. V>33.
:62F:D080519EUR62216,87
-ό
δ1:F01BKAUATWW2XXX0000000000όδ2:I940BKAUATWWXXX

