line 1 :20:MT940/122203/001                                                                                                                                                                                                                                                                                                                                                                                            
line 2 :25:323161510                                                                                                                                                                                                                                                                                                                                                                                                   
line 3 :28C:00022/00001                                                                                                                                                                                                                                                                                                                                                                                                
line 4 :60F:C031222USD1950874,24                                                                                                                                                                                                                                                                                                                                                                                       
line 5 :61:031222CD94000000,00NTRFIDHA003157031222//0340403356FF                                                                                                                                                                                                                                                                                                                                                       
line 6 :86:FROM BANK OF AMERICA NA DALLAS TX 75283-1973 VIA IMAD 1222L1LFBF6 C0011330 TIME RECVD 02 28 PM B/O VIVENDI UNIVERSAL NEW YORK, NY 1 0152-0192 B/O 0910607580 UNIVERSAL STUDIOS INC. 100 UNIVERSAL CIT Y PLZ BK INFO /TIME/14 27                                                                                                                                                                             
line 7 :61:031222CD41003245,83NTRFPAYA33562C004072//0399413356FF                                                                                                                                                                                                                                                                                                                                                       
line 8 :86:FROM BNP PARIBAS NY BRANCH NEW YORK NY 10022-1240 VIA IMAD 1222B1 Q8201C001051P TIME RECVD 03 27 PM B/O VIVENDI UNIVERSAL U.S.HOLDI NG CO. 375 PARK AVE. B/O CHP/041560 919 3RD AVENUE, 3RD AND 4TH F LOORS BK INFO /OCMT/USD41003245,83//TIME/15 26                                                                                                                                                        
line 9 :61:031222CD18000000,00NTRFIDHA003158031222//0484114356FF                                                                                                                                                                                                                                                                                                                                                       
line 10 :86:FROM BANK OF AMERICA NA DALLAS TX 75283-1973 VIA IMAD 1222L1LFBF3 C0018730 TIME RECVD 04 42 PM B/O VIVENDI UNIVERSAL NEW YORK, NY 1 0152-0192 B/O 0910607580 UNIVERSAL STUDIOS INC. 100 UNIVERSAL CIT Y PLZ BK INFO /TIME/16 41                                                                                                                                                                             
line 11 :61:031222CD5380000,00NTRFNONREF//0345707356FF                                                                                                                                                                                                                                                                                                                                                                  
line 12 :86:FROM BANK OF AMERICA NA DALLAS TX 75283-1973 VIA IMAD 1222L1LFBF5 C0010600 TIME RECVD 02 32 PM B/O VIVENDI UNIVERSAL INTERACTIVE PU BLI B/O 1233332277 VIVENDI UNIVERSAL INTERACTIVE PUB. 6080 CENTER  DR 10TH FL BK INFO /TIME/14 29                                                                                                                                                                       
line 13 :61:031222DD85000000,00NTRFVIVENDIPARIS//0901600353FP                                                                                                                                                                                                                                                                                                                                                           
line 14 :86:PAID 026004226 SOCIETE GEN NEW YORK NY 10020 VIA IMAD 1222B1QGC02 C004215 FOR 150371 SOCIETE GENERALE PARIS FOR 3000303175030201035 3 VIVENDI UNIVERSAL PARIS SWIFT 00901601                                                                                                                                                                                                                                
line 15 :62M:C031222USD75334120,07                                                                                                                                                                                                                                                                                                                                                                                      
line 16 :20:MT940/122203/002                                                                                                                                                                                                                                                                                                                                                                                            
line 17 :25:323161510                                                                                                                                                                                                                                                                                                                                                                                                   
line 18 :28C:00022/00002                                                                                                                                                                                                                                                                                                                                                                                                
line 19 :60M:C031222USD75334120,07                                                                                                                                                                                                                                                                                                                                                                                      
line 20 :61:031222DD38000000,00NTRFBNPINVEST//1009100356FP                                                                                                                                                                                                                                                                                                                                                              
line 21 :86:PAID 026007689 BQE NAT PARIS NEW YORK NY 10022-1240 VIA IMAD 1222 B1QGC02C004976 FOR 0020052200243450 BNP PARIBAS NEW YORK SWIFT 01 009101                                                                                                                                                                                                                                                                  
line 22 :61:031222DD35500000,00NTRFBNPINVEST//0815400356FP                                                                                                                                                                                                                                                                                                                                                              
line 23 :86:PAID 026007689 BQE NAT PARIS NEW YORK NY 10022-1240 VIA IMAD 1222 B1QGC03C003777 FOR 0020052200243450 BNP PARIBAS NEW YORK SWIFT 00 815401                                                                                                                                                                                                                                                                  
line 24 :61:031222DD6279,98NMSCNONREF//0000570118XF                                                                                                                                                                                                                                                                                                                                                                     
line 25 :86:AUTO DOLLAR TRANSFER TO 0323161545                                                                                                                                                                                                                                                                                                                                                                          
line 26 :62F:C031222USD1827840,09                                                                                                                                                                                                                                                                                                                                                                                       
line 27 :64:C031222USD1827840,09                                                                                                                                                                                                                                                                                                                                                                                        
line 28 :86:CHECK SUBTOTAL 0USD0,00                                           DBT SUM 4USD158506279,98 DBT LIMIT USD0,                          CDT SUM 4USD158383245,83 CDT LIMIT USD0,                          -                                                                                                                                                                                                     
line 29 :20:MT940/122203/001                                                                                                                                                                                                                                                                                                                                                                                            
line 30 :25:323161529                                                                                                                                                                                                                                                                                                                                                                                                   
line 31 :28C:00022/00001                                                                                                                                                                                                                                                                                                                                                                                                
line 32 :60F:C031222USD339305,24                                                                                                                                                                                                                                                                                                                                                                                        
line 33 :61:031222DD187707,43NTRFNONREF//0312224903WC                                                                                                                                                                                                                                                                                                                                                                   
line 34 :86:WE HAVE DEBITED YOUR ACCOUNT AND CREDITED A LIKE AMOUNT TO YOURJP MC SYRACUSE ACCOUNT  IN ACCORDANCE WITH CASH MANAGEMENT DISBURSEM ENT INSTRUCTIONS.                                                                                                                                                                                                                                                       
line 35 :62F:C031222USD151597,81                                                                                                                                                                                                                                                                                                                                                                                        
line 36 :64:C031222USD151341,81                                                                                                                                                                                                                                                                                                                                                                                         
line 37 :65:C031223USD151597,81                                                                                                                                                                                                                                                                                                                                                                                         
line 38 :86:CHECK SUBTOTAL 0USD0,00                                           DBT SUM 1USD187707,43 DBT LIMIT USD0,                             CDT SUM 0USD0,00 CDT LIMIT USD0,                                  -                                                                                                                                                                                                     
line 39 :20:MT940/122203/001                                                                                                                                                                                                                                                                                                                                                                                            
line 40 :25:323161545                                                                                                                                                                                                                                                                                                                                                                                                   
line 41 :28C:00022/00001                                                                                                                                                                                                                                                                                                                                                                                                
line 42 :60F:C031222USD0,00                                                                                                                                                                                                                                                                                                                                                                                             
line 43 :61:031222CD6279,98NMSCNONREF//0000580118XF                                                                                                                                                                                                                                                                                                                                                                     
line 44 :86:AUTO DOLLAR TRANSF FROM 0323161510                                                                                                                                                                                                                                                                                                                                                                          
line 45 :61:031222DD4762,45NTRFNONREF//0312224904WC                                                                                                                                                                                                                                                                                                                                                                     
line 46 :86:WE HAVE DEBITED YOUR ACCOUNT AND CREDITED A LIKE AMOUNT TO YOURJP MC SYRACUSE ACCOUNT  IN ACCORDANCE WITH CASH MANAGEMENT DISBURSEM ENT INSTRUCTIONS.                                                                                                                                                                                                                                                       
line 47 :61:031222DD1517,53NTRF401-KVANGUARD//0901500353FP                                                                                                                                                                                                                                                                                                                                                              
line 48 :86:PAID 031201467 WACHOVIA BK NA PA PHILADELPHIA PA 19101 VIA IMAD 1 222B1QGC05C000314 FOR 2100013872783 VANGUARD MALVERN, PA FOR 0920 22 VIVENDI UNIVERSAL 401(K) PLAN NEW YORK, NY SWIFT 00901501 DETA ILS X VIVENDI UNIVERSAL 401(K) PLAN                                                                                                                                                                   
line 49 :62F:C031222USD0,00                                                                                                                                                                                                                                                                                                                                                                                             
line 50 :64:C031222USD0,00                                                                                                                                                                                                                                                                                                                                                                                              
line 51 :86:CHECK SUBTOTAL 0USD0,00                                           DBT SUM 2USD6279,98 DBT LIMIT USD0,                               CDT SUM 1USD6279,98 CDT LIMIT USD0,                               -                                                                                                                                                                                                     
line 52 :20:MT940/122203/001                                                                                                                                                                                                                                                                                                                                                                                            
line 53 :25:323952437                                                                                                                                                                                                                                                                                                                                                                                                   
line 54 :28C:00022/00001                                                                                                                                                                                                                                                                                                                                                                                                
line 55 :60F:C031222USD0,00                                                                                                                                                                                                                                                                                                                                                                                             
line 56 :62F:C031222USD0,00                                                                                                                                                                                                                                                                                                                                                                                             
line 57 :64:C031222USD0,00                                                                                                                                                                                                                                                                                                                                                                                              
line 58 :86:CHECK SUBTOTAL 0USD0,00                                           DBT SUM 0USD0,00 DBT LIMIT USD0,                                  CDT SUM 0USD0,00 CDT LIMIT USD0,                                  -                                                                                                                                                                                                     
line 59 :20:MTID00001                                                                                                                                                                                                                                                                                                                                                                                                   
line 60 :25:0000616                                                                                                                                                                                                                                                                                                                                                                                                     
line 61 :28C:00017/00001                                                                                                                                                                                                                                                                                                                                                                                                
line 62 :60F:C031218CAD0,00                                                                                                                                                                                                                                                                                                                                                                                             
line 63 :61:0312191219DD788,50NCHKNONREF                                      NO.200                                                                                                                                                                                                                                                                                                                                    
line 64 :61:0312191219DD2172,00NCHKNONREF                                     NO.209                                                                                                                                                                                                                                                                                                                                    
line 65 :62F:D031219CAD2960,50                                                                                                                                                                                                                                                                                                                                                                                          
line 66 :64:D031219CAD2960,50                                                                                                                                                                                                                                                                                                                                                                                           
line 67 :20:MTID00001                                                                                                                                                                                                                                                                                                                                                                                                   
line 68 :25:1004168                                                                                                                                                                                                                                                                                                                                                                                                     
line 69 :28C:00017/00001                                                                                                                                                                                                                                                                                                                                                                                                
line 70 :60F:C031218CAD20656,23                                                                                                                                                                                                                                                                                                                                                                                         
line 71 :61:0312191219CD11500000,00NMSCNONREF                                 INCOMING WIRE PAYMENT                                                                                                                                                                                                                                                                                                                     
line 72 :61:0312191219DD10000000,00NMSCNONREF                                 OUTGOING WIRE PAYMENT                                                                                                                                                                                                                                                                                                                     
line 73 :61:0312191219DD43000,00NMSCNONREF                                    OUTGOING WIRE PAYMENT                                                                                                                                                                                                                                                                                                                     
line 74 :61:0312191219DD100000,00NTRFNONREF                                   2118-1104-329 3587                                                                                                                                                                                                                                                                                                                        
line 75 :62F:C031219CAD1377656,23                                                                                                                                                                                                                                                                                                                                                                                       
line 76 :64:C031219CAD1377656,23                                                                                                                                                                                                                                                                                                                                                                                        
line 77 :20:MTID00001                                                                                                                                                                                                                                                                                                                                                                                                   
line 78 :25:1086466                                                                                                                                                                                                                                                                                                                                                                                                     
line 79 :28C:00017/00001                                                                                                                                                                                                                                                                                                                                                                                                
line 80 :60F:C031218CAD63512,15                                                                                                                                                                                                                                                                                                                                                                                         
line 81 :62F:C031222CAD63512,15                                                                                                                                                                                                                                                                                                                                                                                         
line 82 :64:C031222CAD63512,15                                                                                                                                                                                                                                                                                                                                                                                          
line 83 :20:MTID00001                                                                                                                                                                                                                                                                                                                                                                                                   
line 84 :25:1104329                                                                                                                                                                                                                                                                                                                                                                                                     
line 85 :28C:00017/00001                                                                                                                                                                                                                                                                                                                                                                                                
line 86 :60F:C031218CAD213186,50                                                                                                                                                                                                                                                                                                                                                                                        
line 87 :61:0312191219CD7649,63NMSCNONREF                                     DEFT REJECTS BOM     0128                                                                                                                                                                                                                                                                                                                 
line 88 :61:0312191219CD100000,00NTRFNONREF                                   2118-1004-168 3587                                                                                                                                                                                                                                                                                                                        
line 89 :61:0312191219DD211899,81NMSCNONREF                                   DEFT SETTLEMENT FLE  0128                                                                                                                                                                                                                                                                                                                 
line 90 :61:0312191219DD7649,63NMSCNONREF                                     DEFT REJ. CORRECTION 0128                                                                                                                                                                                                                                                                                                                 
line 91 :62F:C031219CAD101286,69                                                                                                                                                                                                                                                                                                                                                                                        
line 92 :64:C031219CAD101286,69                                                                                                                                                                                                                                                                                                                                                                                         
line 93 :20:MTID00001                                                                                                                                                                                                                                                                                                                                                                                                   
line 94 :25:4508600                                                                                                                                                                                                                                                                                                                                                                                                     
line 95 :28C:00017/00001                                                                                                                                                                                                                                                                                                                                                                                                
line 96 :60F:C031218USD67450,99                                                                                                                                                                                                                                                                                                                                                                                         
line 97 :62F:C031222USD67450,99                                                                                                                                                                                                                                                                                                                                                                                         
line 98 :64:C031222USD67450,99                                                                                                                                                                                                                                                                                                                                                                                          
line 99 :20:MTID00001                                                                                                                                                                                                                                                                                                                                                                                                   
line 100 :25:4600019                                                                                                                                                                                                                                                                                                                                                                                                     
line 101 :28C:00017/00001                                                                                                                                                                                                                                                                                                                                                                                                
line 102 :60F:C031218USD0,00                                                                                                                                                                                                                                                                                                                                                                                             
line 103 :62F:C031222USD0,00                                                                                                                                                                                                                                                                                                                                                                                             
line 104 :64:C031222USD0,00                                                                                                                                                                                                                                                                                                                                                                                              
line 105 :20:MTID00001                                                                                                                                                                                                                                                                                                                                                                                                   
line 106 :25:4600036                                                                                                                                                                                                                                                                                                                                                                                                     
line 107 :28C:00017/00001                                                                                                                                                                                                                                                                                                                                                                                                
line 108 :60F:C031218USD1296215,18                                                                                                                                                                                                                                                                                                                                                                                       
line 109 :61:0312181219CD141231,93NTRFNONREF                                   2118-4603-704                                                                                                                                                                                                                                                                                                                             
line 110 :61:0312191219DD662281,97NMSCNONREF                                   OUTGOING WIRE PAYMENT                                                                                                                                                                                                                                                                                                                     
line 111 :62F:C031219USD775165,14                                                                                                                                                                                                                                                                                                                                                                                        
line 112 :64:C031219USD775165,14                                                                                                                                                                                                                                                                                                                                                                                         
line 113 :20:MTID00001                                                                                                                                                                                                                                                                                                                                                                                                   
line 114 :25:4603704                                                                                                                                                                                                                                                                                                                                                                                                     
line 115 :28C:00017/00001                                                                                                                                                                                                                                                                                                                                                                                                
line 116 :60F:C031218USD173800,55                                                                                                                                                                                                                                                                                                                                                                                        
line 117 :61:0312181219DD141231,93NTRFNONREF                                   2118-4600-036                                                                                                                                                                                                                                                                                                                             
line 118 :61:0312191219CD399289,39NMSCNONREF                                   INCOMING WIRE PAYMENT                                                                                                                                                                                                                                                                                                                     
line 119 :62F:C031219USD431858,01                                                                                                                                                                                                                                                                                                                                                                                        
line 120 :64:C031219USD431858,01                                                                                                                                                                                                                                                                                                                                                                                         
