:20:000000001
:25:50002426000123456
:28C:00001/001
:60F:C091008EUR0000230000,00
:61:0910101009DD1300,00NMSC0000000100000000//007186828200111C
MISCELLANEOUS DEBIT
:86:/TYPE/0529/VIREMENT SEPA FAV TIERS
/NBTR/1
/PIID/REMISE N°457B376
/ORDP/NOM Debtor1
/BENM/NOM Creditor1
/REMI/Motif 1
/OBEN/BENEF ORIG
:61:0910101009DD2700,00NMSC0000002090009988//00718682820011BA
MISCELLANEOUS SECURITY DEBIT
:86:/TYPE/0519/REJET DE VIREMENT SEPA
/REMI/CLIENT ABONN AO
/ETEI/AO 03B CLIENT ABONN AO
/RREA/MS02
/ORDP/NOM AO 03B
:61:0910101009DD2000,00NINT0000003RT0000000//00718682820011DO
INTERNATIONAL MONEY MARKET TRADING
:86:/TYPE/0529/VIREMENT SEPA FAV TIERS
/ORDP/NOM Debtor2
/BENM/NOM Creditor2
/REMI/Motif 2
/OBEN/BENEF ORIG2
:61:0910101009CD1500,00NTRFNONE//ZD81356R21442001
CLEARING
:86:/TYPE/0568/VIRT SEPA RECU TIERS
/ORDP/GUNTER MAHER
/BENM/PETER MERIAN.STRASSE 88
/REMI/Motif 3
:61:0910101009CD1500,00NTRFNONE//ZD81352ZD6132646
CREDIT NOT DETAILLED
:86:/TYPE/0569/REJET DE VIREMENT SEPA
/ORDP/GUNTER MAHER
/BENM/PETER MERIAN.STRASSE 88
/REMI/Motif 4
:61:0910101009CD8000,NTRF2DHA100009870000//9930855L21962001
:86:/TYPE/0569/REJET DE VIREMENT SEPA
/ORDP/GUNTER MAHER
/BENM/PETER MERIAN.STRASSE 88
/REMI/Motif 5
:61:0910101009CD1000,00NMSC0000001980EUR00//00718682820011CD
MISCELLANEOUS DEBIT
:86:/TYPE/0568/VIRT SEPA RECU TIERS
/ORDP/GUNTER MAHER
/BENM/PETER MERIAN.STRASSE 88
/REMI/Motif 6
:61:0910101009DD1500,00NMSC0000002000000089//00718682820011BC
MISCELLANEOUS SECURITY DEBIT
:86:/TYPE/0529/VIRT SEPA RECU TIERS
/ORDP/GUNTER MAHER
/BENM/PETER MERIAN.STRASSE 88
/REMI/Motif 7
/INID/AK7854LM
:61:0910101009DD3000,00NINT0000003456000000//00718682820011DE
INTERNATIONAL MONEY MARKET TRADING
:86:/TYPE/0519/REJET DE VIREMENT SEPA
/ORDP/GUNTER MAHER
/BENM/PETER MERIAN.STRASSE 88
/REMI/Motif 8
/RREA/TM01
:61:0910101009DD1200,00NTRFNONE//ZD81356R21442001
CLEARING
:86:/TYPE/0519/REJET DE VIREMENT SEPA
/ORDP/GUNTER MAHER
/BENM/PETER MERIAN.STRASSE 88
/REMI/Motif 9
/RREA/SL01
:61:0910101009DD200,NTRF2DHA100000000000//9930855L21962001
:86:/TYPE/0519/REJET DE VIREMENT SEPA
/ORDP/EDMUND LANGER
/BENM/DIETER STEIN BERLIN STRASSE 44
/PIID/REF REMISE
/INID/REF OP INTERNE
/RREA/MS02
:61:0910101009DD100,NTRF2DHA100000000000//9930855L21962001
:86:/TYPE/0569/VIRT SEPA/
/ORDP/NOM A0 03B
/BENM/NOM TROEPL
/REMI/CLIENT ABONN A0
/ETEI/A0 03B CLIENT ABONN A0
/OBEN/BENEF ORIG
:62F:C091009EUR0000230000,00
-
