line 1 :20:12312312
line 2 :25:12312312/425590002821004824108
line 3 :28C:00000076/00001
line 4 :60F:C021230EUR166939,44
line 5 :61:021231C524,56NTRFSTE HOTELIERE LE RENAIS- AB5601
line 6 :86:42559    00028EUR2 21004824108             LIBMER FE   PAU RENAISSANCE                                                
line 7 :61:021231C1893,09NTRFSCPH SARL IBIS- 000003         
line 8 :61:021231C1468,50NTRFTHALASSA OLERON THALAME- AA8518
line 9 :86:42559    00028EUR2 21004824108             LIBHOTEL NOVOTEL OLERON                                                    
line 10 :61:021231C909,77NTRFSHELT- 10                      
line 11 :86:42559    00028EUR2 21004824108             LIBVIREMENT SHELT                                                          
line 12 :61:021231C5753,16NTRFSHAA- 10                       
line 13 :86:42559    00028EUR2 21004824108             LIBVIREMENT SHAA                                                           
line 14 :62F:C021231EUR177488,52
line 15 :64:C021231EUR177488,52
