:20:12312312
:25:12312312/425590002821004824108
:28C:00000076/00001
:60F:C021230EUR166939,44
:61:021231C524,56NTRFSTE HOTELIERE LE RENAIS- AB5601
:86:42559    00028EUR2 21004824108             LIBMER FE   PAU RENAISSANCE                                                
:61:021231C1893,09NTRFSCPH SARL IBIS- 000003         
:61:021231C1468,50NTRFTHALASSA OLERON THALAME- AA8518
:86:42559    00028EUR2 21004824108             LIBHOTEL NOVOTEL OLERON                                                    
:61:021231C909,77NTRFSHELT- 10                      
:86:42559    00028EUR2 21004824108             LIBVIREMENT SHELT                                                          
:61:021231C5753,16NTRFSHAA- 10                       
:86:42559    00028EUR2 21004824108             LIBVIREMENT SHAA                                                           
:62F:C021231EUR177488,52
:64:C021231EUR177488,52
