:20:2008051400000000
:25:BKAUATWWAXXX/09653804600EUR
:28C:095/001
:60F:C080513EUR235341,62
:61:080513D173065,26NTRFNONREF//181352057070164
:86:820>00Uebertrag>1008595>20Ueberweisung vom 14.05.>22ausgleich 190
9>3011000>3109654 496 000>32CWT-Beheermaatschappij B. V>33.
:62F:C080514EUR151338,37
-ό
δ1:F01BKAUATWW2XXX0000000000όδ2:I940BKAUATWWXXX

