0120041    01008EUR2 1081602U029  24021001TE001860                 3Y                     0000000245723F                
0420041740901008EUR2E1081602U02918250210  250210VIREMENT DE  SGAP    0132090043  00000001 0000000000188{                
0520041740901008EUR2E1081602U02918250210  250210CPT N  30001 00512 A130J013000   00000001 0000000000000{                
0520041740901008EUR2E1081602U02918250210  250210OK000771                         00000001 0000000000000{                
0520041740901008EUR2E1081602U02918250210  250210FONCT PN - BD 74/193             00000001 0000000000000{                
0420041740901008EUR2E1081602U02918250210  250210VIREMENT DE  SGAP    0132090043  00000001 0000000000504{                
0520041740901008EUR2E1081602U02918250210  250210CPT N  30001 00512 A130J013000   00000001 0000000000000{                
0520041740901008EUR2E1081602U02918250210  250210OL000708                         00000001 0000000000000{                
0520041740901008EUR2E1081602U02918250210  250210FONCT PN - BD 74/193             00000001 0000000000000{                
0420041740901008EUR2E1081602U02918250210  250210VIREMENT DE ESCAT RILIEUX LA PA  00000001 0000000000560{                
0520041740901008EUR2E1081602U02918250210  250210CPT N  30001 00497 A694D414642   00000001 0000000000000{                
0520041740901008EUR2E1081602U02918250210  250210FACT OK000020 DU 30/11/0         00000001 0000000000000{                
0420041740901008EUR2E1081602U02918250210  250210VIREMENT DE STANDRE369           00000001 0000000000642D                
0520041740901008EUR2E1081602U02918250210  250210CPT N  30001 00596 D0636006006   00000001 0000000000000{                
0520041740901008EUR2E1081602U02918250210  250210FACT OL001505 DU 31/12/09        00000001 0000000000000{                
0520041740901008EUR2E1081602U02918250210  250210VIREMENT                         00000001 0000000000000{                
0420041740901008EUR2E1081602U02918250210  250210VIREMENT DE 00001005313 REGIE D  00000001 0000000001640{                
0520041740901008EUR2E1081602U02918250210  250210CPT N  30001 00512 A134D005313   00000001 0000000000000{                
0520041740901008EUR2E1081602U02918250210  250210CLIENT 63184 F.OL000739 31/12/0  00000001 0000000000000{                
0420041740901008EUR2E1081602U02918250210  250210VIREMENT DE  SGAP    0132090073  00000001 0000000001694{                
0520041740901008EUR2E1081602U02918250210  250210CPT N  30001 00512 A130J013000   00000001 0000000000000{                
0520041740901008EUR2E1081602U02918250210  250210OL000215                         00000001 0000000000000{                
0520041740901008EUR2E1081602U02918250210  250210FONCT PN BD 51/137               00000001 0000000000000{                
0420041740901008EUR2E1081602U02918250210  250210VIREMENT DE PRFPREF083  0040000  00000001 0000000002291{                
0520041740901008EUR2E1081602U02918250210  250210CPT N  30001 00169 A8405084000   00000001 0000000000000{                
0520041740901008EUR2E1081602U02918250210  250210OL000169                         00000001 0000000000000{                
0420041740901008EUR2E1081602U02918250210  250210VIREMENT DE DRAGUIG375           00000001 0000000003189I                
0520041740901008EUR2E1081602U02918250210  250210CPT N  30001 00352 E8346083108   00000001 0000000000000{                
0520041740901008EUR2E1081602U02918250210  250210FACT.OL031581 DU 31/12/2009      00000001 0000000000000{                
0520041740901008EUR2E1081602U02918250210  250210VIREMENT                         00000001 0000000000000{                
0420041740901008EUR2E1081602U02918250210  250210VIREMENT DE DRAGUIG377           00000001 0000000003812{                
0520041740901008EUR2E1081602U02918250210  250210CPT N  30001 00352 E8346083108   00000001 0000000000000{                
0520041740901008EUR2E1081602U02918250210  250210FACT.OL000792 DU 31/12/09        00000001 0000000000000{                
0520041740901008EUR2E1081602U02918250210  250210VIREMENT                         00000001 0000000000000{                
0420041740901008EUR2E1081602U02918250210  250210VIREMENT DE  CSI MRS 0132070057  00000001 0000000005313{                
0520041740901008EUR2E1081602U02918250210  250210CPT N  30001 00512 A130J013000   00000001 0000000000000{                
0520041740901008EUR2E1081602U02918250210  250210FAC PA000561                     00000001 0000000000000{                
0520041740901008EUR2E1081602U02918250210  250210MATERIEL                         00000001 0000000000000{                
0420041740901008EUR2E1081602U02918250210  250210VIREMENT DE 00001005313 REGIE D  00000001 0000000007318{                
0520041740901008EUR2E1081602U02918250210  250210CPT N  30001 00512 A134D005313   00000001 0000000000000{                
0520041740901008EUR2E1081602U02918250210  250210CLIENT 04/108 F.OL000067 31/12/  00000001 0000000000000{                
0420041740901008EUR2E1081602U02918250210  250210VIREMENT DE  SGAP57  0572090069  00000001 0000000009673{                
0520041740901008EUR2E1081602U02918250210  250210CPT N  30001 00529 A570J057000   00000001 0000000000000{                
0520041740901008EUR2E1081602U02918250210  250210OK001142-PEAGES ESCOTA NO        00000001 0000000000000{                
0520041740901008EUR2E1081602U02918250210  250210GM-BD 11/195 DU 29.01.2010 - 32  00000001 0000000000000{                
0420041740901008EUR2E1081602U02918250210  250210VIREMENT DE  SGAP    0132090073  00000001 0000000013751{                
0520041740901008EUR2E1081602U02918250210  250210CPT N  30001 00512 A130J013000   00000001 0000000000000{                
0520041740901008EUR2E1081602U02918250210  250210OK000243                         00000001 0000000000000{                
0520041740901008EUR2E1081602U02918250210  250210FONCT PN BD 51/137               00000001 0000000000000{                
0720041    01008EUR2 1081602U029  250210                                                  0000000296299I0000000000000{  
