UNB+UNOA:2+BELRON+66204244900014:5+060621:1143+XRTGLOB1720001++PAYMUL'UNH+1+PAYMUL:D:96A:UN:FUN01G'BGM+452+06062100001+9'DTM+137:20060621:102'LIN+1'DTM+203:20060621:102'RFF+AEK:21062006001'MOA+9:470000.00:EUR'FII+OR+440010446:CARGLASS BV::EUR+ABNANL2A:25:5::::ABN  CARGLASS BV:AMSTERDAM+NL'SEQ++1'MOA+9:470000.00:EUR'RFF+PQ:NONREF'RFF+CR:NONREF'PAI+::ZA9'FII+BF+0227906810:CARGLASS BV::EUR+BNPANL2AXXX:25:5::::BNP PARIBAS NETHERLANDS:AMSTERDAM+NL'NAD+OY+BELRON:100:107++CARGLASS BV+SCIENCE PARK 5525:SCIENCE PARK 5525+EINDHOVEN++5692+NL'NAD+BE+++CARGLASS BV+SCIENCE PARK 5525+EINDHOVEN++5692+NL'PRC+11'FTX+PMD+++TF00001291'GIS+37'LIN+2'DTM+203:20060621:102'RFF+AEK:21062006002'MOA+9:490000.00:EUR'FII+OR+0642364400EUR:CARGLASS BV::EUR+FTSBNL2R:25:5::::FORTIS BANK   NEDERLAND  NV:EINDHOVEN+NL'SEQ++1'MOA+9:490000.00:EUR'RFF+PQ:NONREF'RFF+CR:NONREF'PAI+::ZA9'FII+BF+0227906810:CARGLASS BV::EUR+BNPANL2AXXX:25:5::::BNP PARIBAS NETHERLANDS:AMSTERDAM+NL'NAD+OY+BELRON:100:107++CARGLASS BV+SCIENCE PARK 5525:SCIENCE PARK 5525+EINDHOVEN++5692+NL'NAD+BE+++CARGLASS BV+SCIENCE PARK 5525+EINDHOVEN++5692+NL'PRC+11'FTX+PMD+++TF00001292'GIS+37'LIN+3'DTM+203:20060621:102'RFF+AEK:21062006003'MOA+9:530000.00:EUR'FII+OR+335002828406:CARGLASS NV   HASSELT::EUR+BBRUBEBB:25:5::::ING  BELGIUM SA/NV:HASSALT+BE'SEQ++1'MOA+9:530000.00:EUR'RFF+PQ:NONREF'RFF+CR:NONREF'PAI+::ZA9'FII+BF+BE06690125291122:CARGLASS NV   HASSELT::EUR+BNPABEBBXXX:25:5::::BNP BELGIUM:B1050 BRUXELLES+BE'NAD+OY+BELRON:100:107++CARGLASS NV   HASSELT+TRICHTERHEIDEWEG 11:TRICHTERHEIDEWEG 11+HASSELT+++BE'NAD+BE+++CARGLASS NV   HASSELT+TRICHTERHEIDEWEG 11+HASSELT+++BE'PRC+11'FTX+PMD+++TF00001293'GIS+37'LIN+4'DTM+203:20060621:102'RFF+AEK:21062006004'MOA+9:320000.00:EUR'FII+OR+39040013613120773700EUR:CARGLASS GMBH::EUR+COBADEFF:25:5::::COMMERZBANK:FRANKFURT AM MAIN+DE'SEQ++1'MOA+9:320000.00:EUR'RFF+PQ:NONREF'RFF+CR:NONREF'PAI+::ZA9'FII+BF+DE13512106009223096018:CARGLASS GMBH::EUR+BNPADEFFXXX:25:5::::BNP PARIBAS GERMANY:FRANKFURT  AM MAIN+DE'NAD+OY+BELRON:100:107++CARGLASS GMBH+GODORFER HAUPTSTRASSE 175:GODORFER HAUPTSTRASSE 175+KOLN++D  50+DE'NAD+BE+++CARGLASS GMBH+GODORFER HAUPTSTRASSE 175+KOLN++D  50+DE'PRC+11'FTX+PMD+++TF00001295'GIS+37'LIN+5'DTM+203:20060621:102'RFF+AEK:21062006005'MOA+9:250000.00:EUR'FII+OR+IT25E0322601003000004659776:DARMA SPA::EUR+UNCRIT2VTOJ:25:5::::UNICREDIT BANCA D?'IMPRESA:TORINO+IT'SEQ++1'MOA+9:250000.00:EUR'RFF+PQ:NONREF'RFF+CR:NONREF'PAI+::ZA9'FII+BF+IT45P0318101600050013001EUR:DARMA SPA::EUR+BNPAITMMXXX:25:5::::BNP PARIBAS ITALY:MILAN+IT'NAD+OY+BELRON:100:107++DARMA SPA+VIA CALDERA 21:VIA CALDERA 21+MILANO++20153+IT'NAD+BE+++DARMA SPA+VIA CALDERA 21+MILANO++20153+IT'PRC+11'FTX+PMD+++TF00001296'GIS+37'LIN+6'DTM+203:20060621:102'RFF+AEK:21062006006'MOA+9:280000.00:EUR'FII+OR+ES6401824374680011510507:CARGLASS BV SUCURSAL EN ESPANA::EUR+BBVAESMM:25:5::::BANCO BILBAO VIZCAYA ARGENTARIA SA:MADRID+ES'SEQ++1'MOA+9:280000.00:EUR'RFF+PQ:NONREF'RFF+CR:NONREF'PAI+::ZA9'FII+BF+ES5101490201580300301001:CARGLASS BV SUCURSAL EN ESPANA::EUR+BNPAESMMXXX:25:5::::BNP PARIBAS SPAIN:MADRID+ES'NAD+OY+BELRON:100:107++CARGLASS BV SUCURSAL EN ESPANA+POLIG. IND. CAN MAGAROLA 7 11:POLIG. IND. CAN MAGAROLA 7 11+MOLLET DEL VALLES++08100+ES'NAD+BE+++CARGLASS BV SUCURSAL EN ESPANA+POLIG. IND. CAN MAGAROLA 7 11+MOLLET DEL VALLES++08100+ES'PRC+11'FTX+PMD+++TF00001297'GIS+37'CNT+2:6'UNT+101+1'UNZ+1+XRTGLOB1720001'