UNB+UNOA:2+IDCLIENT+66204244900014:5+021018:1440+REFXRT3++PAYMUL'UNH+1+PAYMUL:D:96A:UN:FUN01G'BGM+452+REF UNIQUE MESSAGE CLIENT+9'DTM+137:20021018:102'LIN+1'DTM+203:20021021:102'RFF+AEK:REMISE1'MOA+9:350000000000,00:USD'FII+OR+1234567890:NOM DU CLIENT NOM DU CLIENT       X::USD+BNPADEFFXXX:25:5::::INSTITUTION:ADRESSE+GB'SEQ++1'MOA+9:100000000000,00:USD'RFF+CR:REFER CLIENT1'FCA+15'FII+BF+555556666677777777777:NOM DU BENEFICIAIRE DE L OPERATION1+::::::INSTITUTION:ADRESSE+GB'NAD+OY+++NOM DU DONNEUR D ORDRE            X+RUE DO+VILLE DO++CP DO+GB'NAD+BE+++NOM DU BENEFICIAIRE1              X+RUE BE+VILLE BE++CP BE+GB'GIS+37'SEQ++2'MOA+9:250000000000,00:USD'RFF+CR:REFER CLIENT2'FCA+15'FII+BF+555556666611111111111:NOM DU BENEFICIAIRE DE L OPERATION2+::::::INSTITUTION:ADRESSE+GB'NAD+OY+++NOM DU DONNEUR D ORDRE            X+RUE DO+VILLE DO++CP DO+GB'NAD+BE+++NOM DU BENEFICIAIRE2              X+RUE BE+VILLE BE++CP BE+GB'GIS+37'CNT+2:1'UNT+26+1'UNH+2+PAYMUL:D:96A:UN:FUN01G'BGM+452+REF UNIQUE MESSAGE CLIENT+9'DTM+137:20021018:102'LIN+1'DTM+203:20021021:102'RFF+AEK:REMISE2'MOA+9:1000000,00:EUR'FII+OR+1234567890:NOM DU CLIENT2 NOM DU CLIENT2     X::EUR+BNPADEFFXXX:25:5::::INSTITUTION:ADRESSE+GB'SEQ++1'MOA+9:700000,00:EUR'RFF+CR:REFER CLIENT3'FCA+15'FII+BF+555556666688888888888:NOM DU BENEFICIAIRE DE L OPERATION3+::::::INSTITUTION:ADRESSE+GB'NAD+OY+++NOM DU DONNEUR D ORDRE            X+RUE DO+VILLE DO++CP DO+GB'NAD+BE+++NOM DU BENEFICIAIRE3              X+RUE BE+VILLE BE++CP BE+GB'GIS+37'SEQ++2'MOA+9:200000,00:EUR'RFF+CR:REFER CLIENT4'FCA+15'FII+BF+555556666699999999999:NOM DU BENEFICIAIRE DE L OPERATION4+::::::INSTITUTION:ADRESSE+GB'NAD+OY+++NOM DU DONNEUR D ORDRE            X+RUE DO+VILLE DO++CP DO+GB'NAD+BE+++NOM DU BENEFICIAIRE4              X+RUE BE+VILLE BE++CP BE+GB'GIS+37'SEQ++3'MOA+9:100000,00:EUR'RFF+CR:REFER CLIENT5'FCA+15'FII+BF+555556666600000000000:NOM DU BENEFICIAIRE DE L OPERATION5+::::::INSTITUTION:ADRESSE+GB'NAD+OY+++NOM DU DONNEUR D ORDRE            X+RUE DO+VILLE DO++CP DO+GB'NAD+BE+++NOM DU BENEFICIAIRE5              X+RUE BE+VILLE BE++CP BE+GB'GIS+37'LIN+2'DTM+203:20021021:102'RFF+AEK:REMISE3'MOA+9:990000,00:EUR'FII+OR+1234567890:NOM DU CLIENT3 NOM DU CLIENT3     X::EUR+BNPADEFFXXX:25:5::::INSTITUTION:ADRESSE+GB'SEQ++1'MOA+9:990000,00:EUR'RFF+CR:REFER CLIENT6'FCA+15'FII+BF+555556666622222222222:NOM DU BENEFICIAIRE DE L OPERATION6+::::::INSTITUTION:ADRESSE+GB'NAD+OY+++NOM DU DONNEUR D ORDRE            X+RUE DO+VILLE DO++CP DO+GB'NAD+BE+++NOM DU BENEFICIAIRE6              X+RUE BE+VILLE BE++CP BE+GB'GIS+37'CNT+2:2'UNT+47+2'UNZ+2+REFXRT3'
