UNB+UNOA:2+POLYCON2:ZZ+RBOSNL2A:55+100326:1557+XRTPAYM0850012'UNH+1+PAYMUL:D:96A:UN:FUN01G'BGM+452+XRTPAYM0850012+9'DTM+137:20100326:102'LIN+1'RFF+AEK:XRTPAYM085001201'BUS++IN'MOA+9:5,00:EUR'FII+OR+FR7618739000010020075710568:POLYCONCEPT HOLDING SAS::EUR+ABNAFRPP:25:5:::::75008 PARIS+FR'NAD+OY+++POLYCONCEPT HOLDING SAS+ZA DES PETITS CARREAUX - 7, AV DU B+94386 BONNEUIL SUR MARNE+FRANCE++FR'SEQ++1'MOA+9:5,00:EUR'DTM+203:20100326:102'RFF+CR:XRTPAYM085001201'FII+BF+NL89ABNA0608778621:::EUR+:::::::ABNANL2A+NL'NAD+BE+++POLYCONCEPT FINANCE BV+DE LASSO 14 - PO BOX 84,+AB   ROELOFARENDSVEEN++2370+NL'CNT+2:1'UNT+17+1'UNH+2+AUTACK:3:1:UN:SECAUT'USH+7+1+F01+1+2+1+1++++1:20100407:170513'USA+1:::16:1'USC++3:43C600001034'USB+1+1:20100407:170513+POLYCON2+RBOSNL2A'USX+XRTPAYM0850012+++++++++5'USY+1+1:52BBB5ED91D24F5531E299064D341AA942A5FCF52CC618219945D7059C108DE2FC0FA14C6F32853033791D08C21C8BFFA55DF0060B51C2CBD0D6BA1E114487AB85CC5A10936EB7957EFAEA1733F1EC639059BB5BA4D17DCEC42F04BAA3F1EB8F02F23CE9F4BEDFD96754B4299B7F45D0A6C5BA3B4CB377F0B3DEC7366DFC5E1E'UST+1+4'UNT+9+2'UNZ+2+XRTPAYM0850012'