UNB+UNOA:2+POLYCON2:ZZ+RBOSNL2A:55+100423:1447+XRTPAYM1130002'UNH+1+PAYMUL:D:96A:UN:FUN01G'BGM+452+XRTPAYM1130002+9'DTM+137:20100423:102'LIN+1'RFF+AEK:XRTPAYM113000201'BUS++IN'MOA+9:2,00:EUR'FII+OR+FR7618739000010020075710568:POLYCONCEPT HOLDING SAS::EUR+ABNAFRPP:25:5:::::75008 PARIS+FR'NAD+OY+++POLYCONCEPT HOLDING SAS+ZA DES PETITS CARREAUX - 7, AV DU B+94386 BONNEUIL SUR MARNE+FRANCE++FR'SEQ++1'MOA+9:2,00:EUR'DTM+203:20100423:102'RFF+CR:XRTPAYM113000201'FII+BF+11111111111111111111148:::EUR+:::::::TOTXXXXXXXX+FR'NAD+BE+++TEST1+++++FR'CNT+2:1'UNT+17+1'UNH+2+AUTACK:3:1:UN:SECAUT'USH+7+1+F01+1+2+1+1++++1:20100423:150647'USA+1:::16:1'USC++3:43C600001027:ZZZPOLYCONCEPTBED'USH+7+2+F01+1+2+1+1++++1:20100423:162811'USA+1:::16:1'USC++3:43C600001039:ZZZPOLYCONCEPTSER'USB+1+1:20100423:150647+POLYCON2+RBOSNL2A'USX+XRTPAYM1130002+POLYCON2+RBOSNL2A+++++++5:20100423:144700'USY+1+1:42B156A5A43EDE1FE68AAF90DF9E456E894556F368AFA5B8C6D99AEDFBA13CA508C8C89F7D665ECBF98B3A3E0E75B100A7C360901BCF21D85B9706CE67B525DEE86FF8317158DED72FFDCB0B38D36817698018497596DEF29EC9A785D75A23D9141EE1313B1ECD666736550B13096F327A0185E0845A031FE1CCDB928C5F86A8'USY+2+1:4D067D510980CA69CE59D7ECD3EEB9B0D6B8019B7F45BD9E1E123E9DA8E22C4E6F30DB53B7D83EA237626C5F8F7A301990808D6490CE6712250915FFD632B4744DC5701D838FDD18FEBE66C02CF61A1657F6478815EBD0C22C1C798966E07261F0F037511195A210353428E7DBB7BEA6BEA6570F070741EAEFCBBE09A680D3DE'UST+1+4'UST+2+4'UNT+14+2'UNZ+2+XRTPAYM1130002'