UNB+UNOA:2+XRT:ZZ+ABNANL2A:55+060208:1219+CLIETST0390001'UNH+1+PAYMUL:D:99A:UN:FUN01G'BGM+452+CLIETST0390001+9'DTM+137:20060208:102'LIN+1'DTM+203:20050803:102'RFF+AKJ:CLIETST0390001'BUS++DO'MOA+9:76397,13:EUR'FII+OR+0565723243:::EUR+ABNANL2A:25:5::::ABN AMRO BANK NV:AMSTERDAM+NL'NAD+OY+++NVS/RIJNMOND ZORG+***+***+++NL'SEQ++1'MOA+9:7696,92:EUR'RFF+CR:CLIETST0390001000001'FII+BF+545422930+BANKNL2A:25:5::::BANK+NL'NAD+BE+++FICTIEVE NAAM++TILBURG+++NL'PRC+11'FTX+PMD+++PAYMENT REF 16CH:FICTIEVE OMSCHRIJVING 1 WWWWWEND:FICTIEVE OMSCHRIJVING 2 WWWWWEND'SEQ++2'MOA+9:10852,80:EUR'RFF+CR:CLIETST0390001000002'FII+BF+491356420+BANKNL2A:25:5::::BANK+NL'NAD+BE+++FICTIEVE NAAM++AMSTERDAM+++NL'PRC+11'FTX+PMD+++FICTIEVE OMSCHRIJVING 1 WWWWWEND:FICTIEVE OMSCHRIJVING 2 WWWWWEND:FICTIEVE OMSCHRIJVING 3 WWWWWEND'SEQ++3'MOA+9:111,50:EUR'RFF+CR:CLIETST0390001000003'FII+BF+P1924617+PCGDNL2A:25:5::::POSTBANK+NL'NAD+BE+++FICTIEVE NAAM++DIEMEN+++NL'PRC+11'FTX+PMD+++FICTIEVE OMSCHRIJVING'SEQ++4'MOA+9:111,50:EUR'RFF+CR:CLIETST0390001000004'FII+BF+553527924+BANKNL2A:25:5::::BANK+NL'NAD+BE+++FICTIEVE NAAM++WIERDEN+++NL'PRC+11'FTX+PMD+++FICTIEVE OMSCHRIJVING'SEQ++5'MOA+9:41,80:EUR'RFF+CR:CLIETST0390001000005'FII+BF+664262708+BANKNL2A:25:5::::BANK+NL'NAD+BE+++FICTIEVE NAAM++ROTTERDAM+++NL'PRC+11'FTX+PMD+++FICTIEVE OMSCHRIJVING'SEQ++6'MOA+9:14943,47:EUR'RFF+CR:CLIETST0390001000006'FII+BF+571033679+BANKNL2A:25:5::::BANK+NL'NAD+BE+++FICTIEVE NAAM++CAPELLE A/D IJSSEL+++NL'PRC+11'FTX+PMD+++FICTIEVE OMSCHRIJVING:FICTIEVE OMSCHRIJVING'SEQ++7'MOA+9:838,30:EUR'RFF+CR:CLIETST0390001000007'FII+BF+641732899+BANKNL2A:25:5::::BANK+NL'NAD+BE+++FICTIEVE NAAM++UTRECHT+++NL'PRC+11'FTX+PMD+++FICTIEVE OMSCHRIJVING'SEQ++8'MOA+9:52,30:EUR'RFF+CR:CLIETST0390001000008'FII+BF+437830470+BANKNL2A:25:5::::BANK+NL'NAD+BE+++FICTIEVE NAAM++AMSTERDAM+++NL'PRC+11'FTX+PMD+++FICTIEVE OMSCHRIJVING:FICTIEVE OMSCHRIJVING'SEQ++9'MOA+9:594,01:EUR'RFF+CR:CLIETST0390001000009'FII+BF+514538783+BANKNL2A:25:5::::BANK+NL'NAD+BE+++FICTIEVE NAAM++AMSTERDAM+++NL'PRC+11'FTX+PMD+++FICTIEVE OMSCHRIJVING'SEQ++10'MOA+9:743,75:EUR'RFF+CR:CLIETST0390001000010'FII+BF+156627558+BANKNL2A:25:5::::BANK+NL'NAD+BE+++FICTIEVE NAAM++WATERINGEN+++NL'PRC+11'FTX+PMD+++FICTIEVE OMSCHRIJVING:FICTIEVE OMSCHRIJVING'SEQ++11'MOA+9:70,21:EUR'RFF+CR:CLIETST0390001000011'FII+BF+662357116+BANKNL2A:25:5::::BANK+NL'NAD+BE+++FICTIEVE NAAM++AMERSFOORT+++NL'PRC+11'FTX+PMD+++FICTIEVE OMSCHRIJVING'SEQ++12'MOA+9:86,76:EUR'RFF+CR:CLIETST0390001000012'FII+BF+P6494202+PCGDNL2A:25:5::::POSTBANK+NL'NAD+BE+++FICTIEVE NAAM++DEN HAAG+++NL'PRC+11'FTX+PMD+++FICTIEVE OMSCHRIJVING'SEQ++13'MOA+9:55,50:EUR'RFF+CR:CLIETST0390001000013'FII+BF+P2910670+PCGDNL2A:25:5::::POSTBANK+NL'NAD+BE+++FICTIEVE NAAM++MOLENWERF 11+++NL'PRC+11'FTX+PMD+++FICTIEVE OMSCHRIJVING'SEQ++14'MOA+9:4766,12:EUR'RFF+CR:CLIETST0390001000014'FII+BF+P170040+PCGDNL2A:25:5::::POSTBANK+NL'NAD+BE+++FICTIEVE NAAM++UTRECHT+++NL'PRC+11'FTX+PMD+++FICTIEVE OMSCHRIJVING'SEQ++15'MOA+9:106,23:EUR'RFF+CR:CLIETST0390001000015'FII+BF+P83834+PCGDNL2A:25:5::::POSTBANK+NL'NAD+BE+++FICTIEVE NAAM++AMSTERDAM+++NL'PRC+11'FTX+PMD+++FICTIEVE OMSCHRIJVING'SEQ++16'MOA+9:119,34:EUR'RFF+CR:CLIETST0390001000016'FII+BF+389417033+BANKNL2A:25:5::::BANK+NL'NAD+BE+++FICTIEVE NAAM++HAARLEM+++NL'PRC+11'FTX+PMD+++FICTIEVE OMSCHRIJVING'SEQ++17'MOA+9:214,00:EUR'RFF+CR:CLIETST0390001000017'FII+BF+311832997+BANKNL2A:25:5::::BANK+NL'NAD+BE+++FICTIEVE NAAM++K.P.VAN DER MANDELELAAN 30+++NL'PRC+11'FTX+PMD+++FICTIEVE OMSCHRIJVING'SEQ++18'MOA+9:167,50:EUR'RFF+CR:CLIETST0390001000018'FII+BF+364432055+BANKNL2A:25:5::::BANK+NL'NAD+BE+++FICTIEVE NAAM++RIJSWIJK+++NL'PRC+11'FTX+PMD+++FICTIEVE OMSCHRIJVING'SEQ++19'MOA+9:3266,55:EUR'RFF+CR:CLIETST0390001000019'FII+BF+P9306590+PCGDNL2A:25:5::::POSTBANK+NL'NAD+BE+++FICTIEVE NAAM++AMSTERDAM+++NL'PRC+11'FTX+PMD+++FICTIEVE OMSCHRIJVING'SEQ++20'MOA+9:124,95:EUR'RFF+CR:CLIETST0390001000020'FII+BF+406206554+BANKNL2A:25:5::::BANK+NL'NAD+BE+++FICTIEVE NAAM++AMSTERDAM+++NL'PRC+11'FTX+PMD+++FICTIEVE OMSCHRIJVING'SEQ++21'MOA+9:71,32:EUR'RFF+CR:CLIETST0390001000021'FII+BF+266556965+BANKNL2A:25:5::::BANK+NL'NAD+BE+++FICTIEVE NAAM++AMSTERDAM+++NL'PRC+11'FTX+PMD+++FICTIEVE OMSCHRIJVING'SEQ++22'MOA+9:803,25:EUR'RFF+CR:CLIETST0390001000022'FII+BF+430661231+BANKNL2A:25:5::::BANK+NL'NAD+BE+++FICTIEVE NAAM++DELFT+++NL'PRC+11'FTX+PMD+++FICTIEVE OMSCHRIJVING'SEQ++23'MOA+9:21,56:EUR'RFF+CR:CLIETST0390001000023'FII+BF+P29225+PCGDNL2A:25:5::::POSTBANK+NL'NAD+BE+++FICTIEVE NAAM++GRONINGEN+++NL'PRC+11'FTX+PMD+++FICTIEVE OMSCHRIJVING'SEQ++24'MOA+9:144,38:EUR'RFF+CR:CLIETST0390001000024'FII+BF+P4697801+PCGDNL2A:25:5::::POSTBANK+NL'NAD+BE+++FICTIEVE NAAM++AMSTERDAM+++NL'PRC+11'FTX+PMD+++FICTIEVE OMSCHRIJVING'SEQ++25'MOA+9:113,69:EUR'RFF+CR:CLIETST0390001000025'FII+BF+P4697851+PCGDNL2A:25:5::::POSTBANK+NL'NAD+BE+++FICTIEVE NAAM++HAARLEM+++NL'PRC+11'FTX+PMD+++FICTIEVE OMSCHRIJVING'SEQ++26'MOA+9:52,44:EUR'RFF+CR:CLIETST0390001000026'FII+BF+P395200+PCGDNL2A:25:5::::POSTBANK+NL'NAD+BE+++FICTIEVE NAAM++HAARLEM+++NL'PRC+11'FTX+PMD+++FICTIEVE OMSCHRIJVING'SEQ++27'MOA+9:5854,80:EUR'RFF+CR:CLIETST0390001000027'FII+BF+100906249+BANKNL2A:25:5::::BANK+NL'NAD+BE+++FICTIEVE NAAM++NAARDEN+++NL'PRC+11'FTX+PMD+++FICTIEVE OMSCHRIJVING'SEQ++28'MOA+9:1487,99:EUR'RFF+CR:CLIETST0390001000028'FII+BF+560747403+BANKNL2A:25:5::::BANK+NL'NAD+BE+++FICTIEVE NAAM++VIANEN+++NL'PRC+11'FTX+PMD+++FICTIEVE OMSCHRIJVING:FICTIEVE OMSCHRIJVING:FICTIEVE OMSCHRIJVING'SEQ++29'MOA+9:13804,00:EUR'RFF+CR:CLIETST0390001000029'FII+BF+667411135+BANKNL2A:25:5::::BANK+NL'NAD+BE+++FICTIEVE NAAM++GOUDA+++NL'PRC+11'FTX+PMD+++FICTIEVE OMSCHRIJVING'SEQ++30'MOA+9:4027,64:EUR'RFF+CR:CLIETST0390001000030'FII+BF+421728949+BANKNL2A:25:5::::BANK+NL'NAD+BE+++FICTIEVE NAAM++LEUSDEN+++NL'PRC+11'FTX+PMD+++FICTIEVE OMSCHRIJVING'SEQ++31'MOA+9:538,75:EUR'RFF+CR:CLIETST0390001000031'FII+BF+626614082+BANKNL2A:25:5::::BANK+NL'NAD+BE+++FICTIEVE NAAM++GRONINGEN+++NL'PRC+11'FTX+PMD+++FICTIEVE OMSCHRIJVING:FICTIEVE OMSCHRIJVING:FICTIEVE OMSCHRIJVING'SEQ++32'MOA+9:2243,26:EUR'RFF+CR:CLIETST0390001000032'FII+BF+436041510+BANKNL2A:25:5::::BANK+NL'NAD+BE+++FICTIEVE NAAM++AMSTERDAM+++NL'PRC+11'FTX+PMD+++FICTIEVE OMSCHRIJVING:FICTIEVE OMSCHRIJVING:FICTIEVE OMSCHRIJVING'SEQ++33'MOA+9:323,91:EUR'RFF+CR:CLIETST0390001000033'FII+BF+686045041+BANKNL2A:25:5::::BANK+NL'NAD+BE+++FICTIEVE NAAM++ROTTERDAM+++NL'PRC+11'FTX+PMD+++FICTIEVE OMSCHRIJVING:FICTIEVE OMSCHRIJVING'SEQ++34'MOA+9:154,13:EUR'RFF+CR:CLIETST0390001000034'FII+BF+658236725+BANKNL2A:25:5::::BANK+NL'NAD+BE+++FICTIEVE NAAM++ROTTERDAM+++NL'PRC+11'FTX+PMD+++FICTIEVE OMSCHRIJVING'SEQ++35'MOA+9:760,83:EUR'RFF+CR:CLIETST0390001000035'FII+BF+549712070+BANKNL2A:25:5::::BANK+NL'NAD+BE+++FICTIEVE NAAM++BADHOEVEDORP+++NL'PRC+11'FTX+PMD+++FICTIEVE OMSCHRIJVING'SEQ++36'MOA+9:795,37:EUR'RFF+CR:CLIETST0390001000036'FII+BF+P5115+PCGDNL2A:25:5::::POSTBANK+NL'NAD+BE+++FICTIEVE NAAM++CAPELLE A/D IJSSEL+++NL'PRC+11'FTX+PMD+++FICTIEVE OMSCHRIJVING'SEQ++37'MOA+9:60,00:EUR'RFF+CR:CLIETST0390001000037'FII+BF+662964985+BANKNL2A:25:5::::BANK+NL'NAD+BE+++FICTIEVE NAAM++EINDHOVEN+++NL'PRC+11'FTX+PMD+++FICTIEVE OMSCHRIJVING'SEQ++38'MOA+9:111,50:EUR'RFF+CR:CLIETST0390001000038'FII+BF+382630769+BANKNL2A:25:5::::BANK+NL'NAD+BE+++FICTIEVE NAAM++SCHEEMA+++NL'PRC+11'FTX+PMD+++FICTIEVE OMSCHRIJVING'SEQ++39'MOA+9:64,80:EUR'RFF+CR:CLIETST0390001000039'FII+BF+P1102040+PCGDNL2A:25:5::::POSTBANK+NL'NAD+BE+++FICTIEVE NAAM++VEGHEL+++NL'PRC+11'FTX+PMD+++FICTIEVE OMSCHRIJVING'CNT+2:1'UNT+285+1'UNZ+1+CLIETST0390001'